3109 5292
853 633 900 698 db

359 812 552 894 conjunctum
567 817 630 889 est,
647 817 682 872 ut
696 818 748 872 out
762 826 832 892 pars
847 808 899 872 vel
914 807 1041 889 qualitas
1057 809 1124 891 ejus
1139 825 1227 887 esse,
1241 816 1294 871 ant
1306 807 1392 872 velut

358 915 496 978 accessio
520 914 557 977 ad
581 931 646 976 eam
669 913 826 994 pertinere
847 911 996 974 rideatur.
1038 913 1096 986 Qui
1115 912 1243 976 baecei
1260 912 1393 996 denegat

356 1017 408 1080 vel
429 1018 573 1095 detrabit,
597 1035 759 1098 personam
782 1017 849 1098 ejus
871 1013 998 1078 laedere
1019 1015 1151 1096 ideoque
1170 1018 1200 1078 ei
1220 1033 1308 1080 suom
1331 1034 1391 1078 non

357 1121 493 1184 tribuere
515 1121 632 1184 dieitur.
667 1120 772 1192 Quare
788 1135 849 1182 non
869 1119 1018 1180 immerito
1034 1137 1122 1181 ειιιιιιι
1135 1118 1286 1197 dicemus,
1308 1119 1390 1199 quod

354 1227 535 1286 necessario
557 1225 645 1286 alicui
661 1223 814 1302 inhaeret,
835 1225 926 1304 eique
948 1232 1094 1304 tamquam
1110 1223 1223 1304 aliquid
1238 1224 1298 1305 ipsi
1311 1241 1389 1304 pro·

354 1331 452 1410 prium
469 1327 539 1392 ideo
553 1328 767 1410 praestandum
783 1336 846 1406 est,
868 1345 907 1388 ns
924 1343 992 1390 eum
1008 1344 1066 1406 pro
1081 1328 1141 1388 alio
1157 1326 1323 1389 babeamus
1338 1333 1389 1388 ant

354 1440 528 1512 tractemus,
544 1451 633 1514 quam
649 1433 768 1513 qualem
785 1449 853 1492 eum
868 1447 938 1493 esse
955 1431 1164 1511 cognovimns.
1189 1429 1279 1494 Suam
1289 1431 1393 1513 igitur

353 1536 482 1617 quisque
506 1535 579 1598 dicit
601 1555 684 1614 rem,
707 1554 797 1616 quam
817 1551 856 1599 eo
878 1534 966 1597 modo
986 1535 1045 1596 sibi
1065 1536 1268 1616 comparavit,
1290 1542 1324 1598 ιιι
1344 1533 1389 1599 illi

353 1655 418 1704 eam
438 1639 554 1702 auferri
575 1640 663 1703 naias
684 1639 834 1702 credatur.
874 1638 960 1711 Quae
979 1639 1155 1702 necessaria
1175 1647 1258 1716 arnt,
1281 1655 1388 1700 eorum

353 1745 519 1822 contraria,
543 1745 631 1807 sicuti
646 1744 677 1805 id
697 1743 777 1824 quod
800 1742 918 1804 veritali
938 1741 1134 1820 adversator,
1157 1759 1215 1804 nec
1237 1759 1309 1804 esse
1328 1759 1387 1804 nee

352 1848 482 1930 cogitari
502 1856 636 1928 possunt
673 1845 744 1909 inde
767 1847 903 1909 nascitur
918 1847 994 1927 Justi
1013 1865 1050 1908 ac
1065 1846 1132 1908 reri
1155 1844 1292 1910 idearum
1307 1846 1389 1907 inter

351 1967 388 2012 se
404 1953 543 2034 cognatio
559 1959 590 2014 et
606 1952 777 2014 consensio.

416 2054 468 2118 45.
481 2056 625 2119 Homines
638 2055 717 2118 enim
727 2054 801 2118 illud
814 2056 882 2119 aliis
896 2063 929 2118 nt
938 2073 1026 2119 soum
1037 2055 1174 2118 tribuere
1184 2052 1386 2134 solent,qnod
1439 2116 1441 2120 .

350 2161 480 2221 veritate
505 2159 641 2241 cogniti,
662 2160 680 2221 i.
697 2179 725 2222 e.
747 2160 916 2240 exploratis
935 2167 968 2220 et
986 2159 1157 2240 perspectis
1178 2159 1218 2221 iis
1238 2157 1343 2223 causis.
1355 2163 1387 2218 et

350 2260 450 2340 lactis,
465 2263 574 2343 quibus
591 2271 697 2325 enatae
713 2265 793 2326 inter
807 2265 890 2346 ipsos
904 2262 1147 2326 necessitudines
1162 2260 1291 2325 ellectae
1305 2268 1388 2339 snut,

349 2383 408 2446 pro
429 2384 502 2426 vero
524 2365 641 2428 babent.
678 2367 799 2428 lustum
819 2369 913 2449 igilur
933 2366 994 2428 dici
1018 2383 1109 2448 posse
1132 2365 1273 2444 videtur,
1303 2364 1386 2446 qnod

348 2471 612 2544 „eaaenta'olibua“
633 2471 790 2533 socialium
813 2471 894 2534 inter
916 2471 1054 2532 homines
1074 2471 1254 2535 relationum
1274 2469 1386 2532 coodi-

348 2573 478 2636 tionibus
503 2589 630 2654 prorsns
656 2575 842 2636 conveniens
864 2583 928 2650 est,
960 2573 1090 2655 ideoque
1113 2574 1201 2636 alteri
1225 2574 1263 2636 ab
1289 2573 1386 2637 altero

303 2696 304 2700 ¹
349 2678 526 2740 necessario
540 2677 765 2758 praestandum.
788 2676 862 2739 inde
878 2678 1020 2761 obligatio
1036 2698 1053 2741 a
1068 2678 1227 2742 veteribus
1243 2677 1385 2739 delinitur

347 2782 446 2862 ,3juris
460 2782 615 2843 vinculum
631 2798 690 2861 (pra
706 2784 897 2842 necessitate
908 2782 938 2856 ¹)
960 2782 1178 2863 adstringimur
1192 2782 1324 2862 alicujus
1339 2781 1384 2840 rei

347 2884 547 2965 praestandae
553 2886 585 2960 ;“
608 2891 638 2946 et
653 2901 688 2945 ea
708 2876 788 2964 quac
807 2887 999 2947 necessitatis
1020 2887 1084 2948 ie.
1096 2886 1176 2967 juris
1196 2885 1234 2948 ab
1249 2886 1288 2947 iis
1304 2900 1384 2964 quae

347 2987 506 3050 volontatis
520 2995 572 3049 aut
588 2987 676 3050 olilcii
691 2987 917 3071 distinguuntur
926 2987 967 3063 ἵ).

412 3087 465 3150 46.
488 3089 586 3152 Variis
602 3097 701 3152 autern
722 3092 887 3156 rationibus
909 3093 981 3154 moti
1000 3110 1056 3174 pro
1077 3092 1255 3156 necessario
1269 3090 1384 3172 aliquid

347 3192 508 3268 babemus;
524 3209 592 3255 nam
608 3195 712 3256 variae
728 3203 799 3258 sunt
813 3196 1005 3260 necessitatis
1020 3214 1132 3258 causae
1148 3205 1180 3259 et
1194 3214 1314 3279 genera
1324 3193 1364 3268 ⁸).

413 3297 450 3359 Α.
474 3297 548 3360 Sunt
564 3299 642 3360 enim
658 3299 805 3379 quaedam
820 3299 976 3381 physicae,
993 3307 1029 3363 ut
1041 3299 1161 3378 dicitur,
1176 3300 1383 3377 necessitatis,

346 3401 366 3464 l.
382 3419 409 3464 e.
432 3405 516 3484 ejus,
546 3421 625 3484 quae
649 3404 883 3467 immutabilibus
906 3404 1027 3485 legibus
1049 3405 1256 3485 corporalium
1279 3421 1383 3466 rerum

347 3505 481 3570 edicitur.
518 3508 670 3589 Tantaque
686 3507 870 3587 aliquamdiu
889 3507 978 3590 bnjoa
993 3508 1187 3570 necessitatis
1202 3514 1251 3571 est
1265 3508 1328 3582 ris,
1350 3513 1383 3569 ot

346 3611 501 3674 voluntate
517 3613 619 3674 nostra
634 3629 787 3691 nunquam
803 3610 902 3693 irangi
917 3619 968 3673 aut
982 3611 1065 3674 uinci
1078 3612 1182 3692 possit

412 3713 503 3788 Quod
519 3713 565 3776 his
582 3713 702 3796 legibus
718 3713 909 3791 adversatur,
924 3729 1075 3794 nunqnam
1086 3716 1165 3796 juris
1177 3730 1249 3777 esso
1261 3719 1379 3794 potest3

346 3817 416 3880 inde
431 3819 560 3900 vulgare
580 3818 654 3880 illud
675 3815 800 3881 dictum:
821 3817 1074 3900 „impossibilium
1093 3817 1207 3881 unllam
1227 3834 1300 3880 esso
1321 3817 1378 3880 ob·

359 3947 363 3952 ¹
401 3980 426 4046 1)
445 3981 486 4028 rr.
499 3979 525 4029 J.
540 3982 563 4029 s.
580 3981 619 4029 re.
637 3980 688 4047 (oa
701 3979 796 4048 obrig.)

400 4063 427 4130 2)
447 4064 500 4114 Cir.
516 4066 545 4114 17
560 4071 586 4115 et
599 4067 614 4115 8
628 4065 661 4114 D.
678 4066 716 4114 13.
731 4067 754 4115 6.
768 4065 973 4134 (commodatis.)

399 4152 426 4218 3)
446 4152 548 4202 Similia
566 4152 646 4204 tradit
659 4153 762 4216 Stalai,
780 4153 822 4205 die
832 4153 996 4220 Philosophia
1012 4153 1056 4205 dea
1066 4153 1168 4218 ueta,
1187 4154 1228 4206 ad.
1241 4157 1266 4206 b.
1285 4153 1377 4223 (1864)

345 4236 380 4288 11.
395 4239 418 4287 1.
437 4253 463 4304 p.
477 4240 510 4288 29
523 4254 578 4304 aeq.
