3109 5292
667 557 716 626 bi

167 739 265 804 reudi
279 736 454 824 perdidisse
463 747 639 804 censentur.
662 740 773 805 Sinrilis
785 749 832 804 est
847 741 924 805 ratio
940 758 1210 825 poenarumque

169 847 313 928 corporis
345 845 575 929 castigationem
605 846 656 908 vel
687 845 904 910 mutilationem
937 849 1100 911 continent
1144 847 1210 910 Neo

168 959 273 1013 nmen
287 951 437 1014 immerito
453 951 627 1016 nouissimis
648 951 838 1032 temporibus
859 954 1002 1036 sgitutum
1018 955 1209 1035 quaesitum-

169 1073 233 1137 que
249 1063 306 1134 est,
320 1073 359 1118 on
374 1057 480 1118 mortis
495 1073 595 1137 poeno
609 1058 641 1119 in
656 1072 692 1118 se
703 1058 799 1138 justa,
815 1058 834 1120 'n
850 1077 877 1121 e.
893 1058 1064 1122 senioribus
1075 1060 1209 1142 justitiae

170 1161 347 1242 praeceptis
370 1161 722 1238 consecrabuntur
739 1163 831 1243 Sunt,
854 1167 907 1246 qui
930 1174 1055 1250 negent,
1079 1183 1209 1247 unquam
1283 1179 1285 1182 ·

171 1267 287 1336 civitati
297 1267 389 1330 vitam
398 1268 486 1330 nobis
495 1268 646 1350 eripiendi
659 1267 833 1332 fucultatem
840 1279 1014 1353 competere
1027 1287 1129 1352 posse,
1144 1288 1209 1333 eam

168 1373 360 1453 potissimum
380 1372 420 1434 ob
440 1389 579 1450 causum,
599 1376 669 1455 quie
685 1374 743 1436 liei
764 1373 877 1438 donum
892 1377 953 1439 vita
969 1377 1021 1455 sit,
1041 1392 1100 1438 neo
1121 1376 1209 1440 nobis

171 1475 213 1545 ab
225 1475 395 1540 bominibus
414 1476 530 1544 auferri
546 1477 664 1541 debent.
700 1478 763 1542 Sed
779 1481 912 1544 omnium
936 1487 995 1544 torn
1011 1480 1210 1546 barbarorum

171 1599 261 1662 qnam
273 1582 433 1644 cultiorum
446 1583 626 1664 populorum
635 1585 706 1666 jure
722 1585 828 1648 mortis
845 1601 975 1666 poenam
991 1585 1105 1647 sanciri
1119 1601 1209 1647 nemo

168 1688 284 1764 nescit,
305 1693 368 1750 tum
388 1687 458 1768 quin
478 1687 546 1750 sine
565 1688 623 1752 bac
643 1677 834 1752 coercitione
852 1688 934 1752 nullo
955 1689 1130 1770 respublica
1146 1695 1210 1752 ulto

168 1808 243 1854 esse
256 1791 368 1873 possit,
391 1799 453 1854 tom
469 1791 550 1872 quod
565 1794 617 1873 qui
631 1794 714 1855 vitoe
730 1793 859 1857 aliorum
874 1793 1011 1856 insidiari
1026 1808 1083 1874 pro
1099 1794 1209 1876 injuria

64 1957 67 1962 .
168 1912 231 1959 noo
253 1897 381 1976 babent,
405 1894 445 1957 de
466 1913 506 1960 eo
527 1897 617 1977 queri
629 1899 702 1979 jure
723 1915 785 1960 non
805 1905 950 1979 possunt,
974 1898 1057 1978 qood
1074 1916 1112 1962 eo
1124 1900 1209 1979 jure,

168 1999 249 2080 quod
265 2001 296 2061 in
312 1998 390 2063 ulios
404 2001 581 2078 statuerint,
599 2003 657 2084 ipsi
672 2002 886 2084 dijudicentur.
923 2001 989 2064 Nec
1004 2021 1134 2084 unquam
1150 2019 1209 2065 oo-

168 2103 263 2167 ditum
279 2112 341 2182 est,
364 2104 516 2168 homicidii
532 2105 604 2169 dolo
619 2107 698 2170 malo
718 2107 888 2188 perpetrati
908 2125 981 2170 reos
1001 2114 1053 2170 out
1073 2107 1208 2171 latrones

169 2205 300 2287 dixisse,
315 2210 424 2292 injurie
440 2211 547 2273 mortis
563 2228 691 2292 poenam
707 2211 766 2274 sibi
781 2212 898 2274 inferri.

206 2343 218 2354 *—
236 2313 367 2378 bostium
386 2306 671 2397 causationemque
691 2333 814 2397 poenue
831 2316 913 2400 apud
935 2317 1081 2380 barbaras
1098 2302 1208 2400 gentes

169 2413 346 2483 usitatiores
361 2427 443 2496 sunt3
466 2421 547 2502 apud
563 2421 710 2484 cultiores
730 2437 771 2482 ex
791 2439 848 2484 usu
863 2421 1015 2485 recedunt
1021 2442 1030 2498 ;
1051 2421 1110 2484 illis
1126 2439 1207 2484 nou-

168 2525 228 2588 ntsi
247 2526 268 2587 ii
289 2525 472 2605 obiciuntur,
497 2527 550 2607 qui
570 2525 742 2589 sceleribus
762 2527 827 2588 suis
849 2526 1027 2604 ostendunt,
1051 2543 1086 2590 se
1101 2526 1207 2589 bestiis

168 2627 230 2692 illis
245 2629 417 2708 similiores,
432 2649 513 2711 quac
526 2630 774 2714 castigationibus
787 2637 901 2693 tentum
916 2631 1056 2694 coerceri
1069 2637 1206 2712 possunt.
1231 2693 1240 2707 ,
1256 2707 1259 2712 Ι

173 2763 176 2766 ’
228 2732 312 2797 Cum
323 2735 485 2816 unicuique
494 2737 575 2819 jure,
585 2753 645 2817 quo
655 2735 774 2815 imitor,
785 2738 968 2800 renunciare
981 2736 1127 2810 licent(§.
1136 2733 1206 2809 64.)

166 2840 338 2920 quaesitum
362 2847 423 2919 est,
453 2859 490 2903 nn
512 2842 564 2922 qui
583 2849 709 2904 mortem
730 2840 931 2903 voluntariam
954 2840 1011 2903 sibi
1033 2839 1206 2917 consciscit,

54 2979 60 2988 .
163 2946 238 3028 jure
258 2943 373 3007 iecisse
388 2945 550 3009 videntur?
588 2946 653 3008 Nec
669 2946 790 3007 omnino
810 2944 951 3028 neganda
971 2944 1049 3008 boec
1070 2945 1207 3025 quaestio

167 3046 306 3128 videtur,
330 3052 403 3112 licet
417 3050 467 3132 qui
482 3051 544 3112 vino
563 3051 643 3112 ritae
664 3068 740 3113 saue
754 3049 848 3113 iniert
862 3050 1021 3134 religionis
1042 3058 1206 3132 praecepta

168 3161 385 3234 contemnere,
411 3155 570 3235 Deumque
593 3154 753 3218 oilenderc
775 3155 923 3218 dicendus
946 3157 993 3218 sit
1032 3153 1106 3218 Cum
1130 3169 1206 3220 vero

166 3260 219 3341 qui
234 3267 345 3342 sponte
360 3268 487 3324 mortem
502 3268 625 3322 sumunt
634 3278 728 3326 sanoc
743 3261 854 3323 mentis
869 3278 930 3322 non
947 3277 1018 3323 csse
1033 3259 1205 3338 videantur,

165 3378 225 3428 eos
236 3364 494 3428 commiserandos
509 3366 607 3447 magis
621 3383 711 3446 quam
732 3364 917 3428 demuondos
940 3381 1010 3427 esse
1027 3365 1132 3428 verius
1148 3371 1205 3428 cst.

233 3467 286 3532 ⁷5.
308 3468 364 3534 lus
379 3488 484 3534 rerum
507 3471 769 3551 possessionibus,
792 3487 850 3532 usu
864 3477 913 3532 out
929 3471 1139 3534 consumtione
1153 3471 1205 3534 vi-

165 3580 225 3636 tam
239 3583 372 3636 nusum
382 3573 561 3653 sustinendi,
577 3575 620 3637 nil
636 3574 718 3637 uliud
733 3582 790 3653 est,
800 3575 863 3636 'uisi
879 3573 1002 3656 sequela
1019 3575 1114 3655 ipsius
1126 3575 1206 3656 juris

165 3677 299 3742 vivendi.
344 3678 412 3752 Qua
435 3681 553 3742 ratione
573 3680 654 3741 enirn
674 3679 765 3743 vitum
786 3695 914 3742 servare
937 3679 1035 3760 possit
1059 3678 1126 3756 ille,
1156 3677 1205 3740 cul

164 3783 250 3846 nulio
270 3784 301 3846 in
321 3784 390 3847 loco
406 3785 588 3848 commereri
607 3801 666 3846 nec
685 3799 738 3845 res
753 3792 877 3847 exteras
891 3781 950 3845 sibi
966 3799 1144 3866 comparere
1163 3777 1222 3844 ti·'

167 3943 393 3958 *u-

221 4041 247 4109 1)
267 4039 347 4108 Apud
359 4041 498 4094 Helvetios
512 4043 610 4106 Sellon,
629 4041 700 4108 opud
713 4039 806 4091 Gallos
819 4042 920 4103 Locos,
939 4039 1010 4106 epod
1025 4039 1120 4105 Belgas
1134 4041 1204 4092 Duc·

166 4131 277 4196 petisux
288 4131 427 4198 praeclara
446 4132 478 4182 de
496 4132 547 4182 boc
565 4131 720 4197 quaestione
739 4129 839 4193 scriptu
855 4125 1072 4194 publicaverunt,
1091 4143 1159 4192 quae
1177 4131 1204 4178 in

168 4217 311 4270 Gamsnia
323 4226 350 4270 et
362 4221 390 4269 in
403 4219 464 4270 eliis
476 4220 599 4286 lluropse
611 4215 733 4286 partibus
745 4215 860 4284 plurimu
872 4213 926 4266 slis
937 4221 1106 4283 exceperunt

211 4322 392 4375 morocoria,
406 4321 676 4375 poumsuruumcs.
971 4302 993 4368 ‘l
