3109 5292
827 572 889 640 tet

339 752 439 816 nullos
462 760 529 816 erat
549 768 634 816 usus.
673 751 772 816 llodie
788 749 828 814 do
845 752 911 833 ejus
926 749 1121 817 fondamento
1141 760 1200 816 tam
1217 751 1383 836 juriscon-

338 857 410 920 sulti
425 875 517 938 quam
532 856 705 939 philosophi
720 856 885 937 disputant
911 855 984 920 lnde
1000 859 1151 937 quaestio,
1167 876 1205 921 nn
1220 857 1290 920 libri
1306 857 1383 920 vul·

338 963 401 1044 pati
415 961 557 1043 repetitio
574 961 796 1045 typographica
812 963 906 1026 invito
924 970 1049 1026 auotme
1065 961 1145 1026 laetu
1157 981 1215 1026 nec
1226 964 1290 1046 jam
1304 962 1381 1045 lege

338 1065 487 1147 probibita
510 1064 654 1129 delictum
682 1066 746 1128 sit?
786 1063 862 1130 Cum
891 1067 951 1130 boo
981 1067 1146 1130 eommunis
1172 1068 1252 1150 juris
1281 1083 1380 1148 prae-

338 1171 436 1252 ceptis
451 1171 574 1251 probari
594 1169 709 1233 strictis
729 1170 895 1234 rationibus
917 1189 976 1235 non
998 1172 1112 1254 possit,
1132 1171 1206 1234 lieet
1225 1169 1255 1233 id
1272 1168 1380 1233 iacere

337 1260 471 1354 iniquum
486 1273 542 1352 sit,
556 1292 617 1337 non
632 1274 732 1338 solnm
747 1273 829 1356 apud
845 1292 951 1338 omues
967 1273 1097 1357 populos
1113 1273 1272 1355 politiores
1288 1271 1379 1355 leges

337 1386 497 1440 auctorum
508 1379 580 1461 jura
594 1386 717 1442 tuentes
733 1379 812 1441 latae
827 1385 912 1457 sunt,
928 1377 983 1442 sed
1000 1379 1089 1441 etiarn
1105 1377 1282 1442 foederibus
1298 1377 1379 1440 inter

336 1483 445 1564 plures
462 1483 599 1545 civitates
615 1483 697 1546 initis
712 1483 803 1546 statui
819 1483 915 1562 solet,
931 1501 1025 1564 opera
1040 1480 1119 1566 apud
1136 1481 1281 1562 alterum,
1297 1480 1380 1545 editu

334 1588 367 1649 in
382 1587 510 1652 alterius
526 1588 658 1651 civitatis
673 1589 830 1650 territorio
846 1587 950 1652 reondi
966 1606 1027 1651 noo
1043 1587 1191 1670 posse1).

401 1692 441 1766 b)
459 1688 571 1756 Similia
582 1694 654 1775 jura
664 1701 735 1756 sunt
747 1692 910 1775 privilegia
921 1710 1038 1772 eornm,
1048 1694 1100 1775 qui
1111 1693 1318 1758 inventionem
1327 1690 1379 1754 rel

335 1795 418 1859 aliud
433 1813 512 1877 opus
536 1794 692 1859 artiboiale
713 1795 943 1878 excogitandum
964 1797 1073 1879 quibus
1094 1797 1145 1860 alii
1165 1815 1202 1860 ea
1222 1795 1333 1860 imitari
1349 1802 1379 1856 et

221 1938 225 1956 .
335 1898 445 1963 damno
461 1901 654 1964 invemorum
675 1899 793 1964 luorum
809 1898 879 1962 inde
895 1899 999 1964 laoere
1014 1899 1219 1982 probibentur.

403 2009 440 2080 o)
463 2005 538 2068 ltem
554 2005 716 2087 privilegia
730 2005 850 2088 legibus
865 2005 902 2068 iis
918 2013 989 2068 sunt
1004 2022 1168 2083 concessa,
1184 2006 1237 2086 qni
1252 2023 1377 2068 merea·

336 2111 441 2189 toriae,
454 2111 505 2173 vol
519 2108 729 2190 quaestuarias
740 2111 908 2173 societates
918 2111 1032 2188 ineunt,
1043 2110 1139 2174 veluti
1150 2111 1377 2193 enavigatione

334 2221 494 2296 quaestum
510 2212 656 2291 leniendi,
678 2213 728 2276 vel
744 2213 884 2277 exorbito
900 2211 1004 2278 lerrea
1019 2215 1158 2296 parandi,
1174 2213 1378 2278 aut'labriona

337 2316 578 2395 constituendae,
594 2324 647 2380 ant
660 2317 772 2380 metalli
787 2317 903 2382 fodinas
915 2318 1079 2400 aperiendi,
1096 2327 1126 2380 et
1140 2336 1219 2400 quaa
1234 2317 1293 2380 nlia
1309 2321 1379 2380 runt

338 2422 489 2506 ejusmodi
505 2439 600 2502 opera
615 2421 667 2484 vel
682 2420 864 2503 monopolio.
889 2421 997 2487 Omnia
1013 2422 1089 2487 bueo
1100 2424 1170 2505 jura
1185 2440 1204 2485 a
1215 2422 1378 2505 jurisoon-

337 2527 423 2590 sultis
450 2526 547 2610 magis
577 2543 635 2608 pro
658 2524 783 2589 creditis
811 2544 900 2608 quam
924 2543 981 2608 pro
1006 2526 1145 2590 dominiis
1173 2526 1380 2602 habenturet

308 2696 310 2699 ,
336 2639 516 2710 tractantur,
529 2631 613 2707 lieet,
624 2648 662 2693 ea
676 2630 878 2694 dominiorum
894 2631 989 2694 instar
1001 2631 1118 2712 acquiri
1133 2637 1166 2693 et
1179 2629 1306 2694 alienari
1321 2645 1378 2692 so-

336 2736 428 2800 leant
466 2736 634 2818 l’raeeepta
654 2754 693 2798 ea
714 2733 886 2798 delinientia
905 2735 985 2817 Juris
1007 2735 1105 2798 civilis
1126 2741 1212 2813 sunt,
1238 2733 1378 2816 quumvb

337 2858 453 2906 summa
464 2841 600 2924 Justitiae
615 2840 668 2904 vel
682 2837 840 2921 aequitatis
855 2838 974 2902 ratione
990 2836 1162 2902 luluiautur.

736 3063 891 3115 curum
912 3063 978 3114 nv.

695 3164 740 3235 llo
761 3165 1019 3254 obligationibus.

335 3301 340 3311 ’
409 3315 481 3379 104.
506 3314 707 3380 Transeamus
727 3334 808 3380 nuno
828 3316 866 3380 od
883 3315 1099 3400 obligationes,
1121 3295 1379 3396 quibusalterius

340 3423 467 3506 generis
482 3421 652 3504 patrimonii
670 3421 742 3503 Jora
763 3428 911 3483 constant.
952 3418 1097 3484 Consistit
1116 3425 1235 3498 autem,
1254 3424 1287 3480 ut
1307 3416 1379 3479 ele-

334 3595 428 3652 -Lebre
444 3617 502 3652 eom
518 3599 683 3650 buctdmct.
701 3599 865 3665 Heidelberg
880 3599 958 3661 18523
981 3597 1010 3648 Ο.
1022 3595 1203 3662 Muqusrdt,
1219 3593 1278 3646 Dos
1294 3593 1380 3646 literu-

339 3687 423 3740 rioche
439 3686 683 3754 Etpmttamroeto.
702 3686 812 3737 Brlissel
830 3685 884 3736 und
901 3685 1014 3752 Leipzig
1026 3685 1106 3746 18513
1127 3683 1194 3734 Alb.
1211 3681 1379 3745 Villal'ortl,

341 3775 373 3826 de
382 3774 411 3825 lo
416 3773 551 3840 propriae
560 3773 674 3826 tubane
683 3781 708 3824 et
718 3771 852 3837 ornatique
862 3789 900 3822 oro
906 3771 983 3838 point
994 3770 1027 3822 de
1037 3786 1085 3822 orte
1096 3767 1290 3822 intemperant.
1303 3769 1379 3820 Paris

344 3862 420 3912 1851.
441 3861 541 3910 Eorum
551 3862 653 3926 placita
668 3861 802 3910 examinat
814 3857 1000 3908 Bluntaohli
1018 3858 1045 3906 in
1063 3856 1109 3906 der
1123 3854 1273 3908 Kaisariou
1290 3853 1380 3911 Ueter-

341 3945 422 3997 aoboo
443 3946 490 3997 der
508 3944 643 3995 &mrem
662 3941 845 4010 Gesetzqebnnp
868 3942 924 3994 nod
941 3941 1213 4008 Beobtnoissenacboft.
1243 3941 1380 3994 Mdnohen

346 4033 421 4081 roos.
439 4032 471 4081 v.
487 4036 509 4082 1.
527 4048 553 4098 p.
569 4035 662 4082 1-27.

399 4117 424 4180 1)
440 4117 484 4167 Ita
494 4117 524 4166 iu
534 4117 634 4184 Angli·
646 4122 673 4168 ot
684 4116 785 4182 Gellia,
801 4119 829 4170 iu
842 4115 931 4170 Gallia
943 4122 970 4170 et
981 4119 1010 4168 in
1021 4116 1129 4184 Belgio,
1143 4118 1172 4169 in
1185 4116 1380 4171 oondoedorutlr

343 4200 500 4252 Germaniae
512 4202 667 4254 civitatibus
679 4210 731 4256 eto.
