3109 5292
843 550 887 628 tt

349 744 460 824 nolent,
476 744 585 808 summi
599 741 741 809 momenti
756 749 805 806 eat
819 742 919 824 iprum
932 741 1117 808 territorium
1130 735 1386 825 apapmoaiiqno

347 849 519 914 habitatum.
551 845 745 910 Collocantnr
760 846 840 908 enim
855 848 887 908 in
902 863 940 908 eo
954 846 1048 910 aeder
1062 845 1252 925 familiarum,
1274 848 1385 928 quibua

348 952 486 1016 locorum
506 951 721 1034 possessiones
740 949 977 1026 distribuuntnr3
1001 950 1118 1015 iruetna
1137 950 1180 1014 ibi
1194 959 1386 1029 crescentes,

347 1075 463 1141 peoora
477 1057 563 1119 hisce
579 1057 707 1134 nutrita,
736 1056 856 1118 metalla
871 1074 890 1117 e
905 1063 1008 1118 terrae
1022 1053 1182 1136 pminudia
1195 1063 1292 1118 tracta
1307 1071 1385 1137 occa

348 1180 384 1226 ae
400 1161 519 1224 divitias
535 1160 705 1224 incolarum
721 1158 867 1222 efficiunt
898 1158 954 1221 Est
968 1166 1069 1221 autom
1090 1158 1300 1224 diversissima
1310 1167 1384 1223 ter-

347 1283 448 1331 rarum
465 1263 605 1342 conditio,
622 1271 673 1328 out
688 1279 746 1344 pro
762 1263 902 1340 elimatis,
917 1261 999 1342 quod
1015 1270 1138 1341 rorant,
1155 1264 1214 1327 ie.
1229 1265 1309 1329 coeii
1323 1282 1384 1328 va·

346 1368 539 1446 rietatibus1)
561 1375 614 1431 ant
632 1385 688 1448 pro
705 1368 765 1430 situ
780 1366 838 1429 coli
854 1374 886 1430 et
901 1365 1087 1433 fecunditate
1102 1376 1155 1431 aut
1169 1385 1227 1450 pro
1241 1369 1385 1435 finitimo-

345 1489 412 1536 rum
434 1475 596 1557 regionum
619 1471 742 1535 vieinia.
793 1470 863 1534 Atia
890 1479 961 1534 sunt
980 1472 1198 1535 maritimarum
1218 1474 1384 1538 eivitatium

342 1578 425 1659 Jura,
440 1577 498 1640 otia
514 1575 695 1658 populorum
710 1582 831 1640 montes
839 1575 996 1656 saltusque
1009 1575 1236 1640 inhabitantium
1246 1583 1300 1640 aut
1313 1577 1384 1642 ier*

346 1679 416 1744 tiles
431 1681 578 1764 regiones
594 1679 764 1743 colentium.
780 1678 854 1741 lnde
865 1679 989 1742 diversa
1001 1679 1246 1760 patrimoniorum
1257 1697 1383 1764 gauere.

261 1773 262 1776 ¹
413 1785 465 1849 52.
488 1787 594 1865 Facta,
618 1802 747 1866 quorum
768 1784 801 1846 in
816 1787 888 1866 jure
902 1784 981 1846 ratio
1002 1783 1145 1862 habetur,
1169 1783 1212 1847 nii
1227 1783 1310 1847 aliud
1324 1785 1384 1847 aiei

346 1890 458 1972 cinguli
470 1891 634 1953 universae
641 1889 764 1952 vivendi
776 1889 906 1951 rationis
915 1899 985 1952 suot
991 1895 1094 1952 aetna:
1109 1907 1189 1970 quae
1198 1889 1257 1952 alia
1266 1895 1381 1971 eatpro

345 1994 405 2057 alio
421 1995 504 2058 cultu
518 1995 761 2074 humanitateque
777 1993 858 2075 apud
879 1992 1026 2075 poputum
1041 1993 1172 2073 aliquem
1188 1991 1382 2054 florescente

411 2103 447 2172 a)
470 2097 560 2171 Quod
576 2097 613 2160 ad
630 2098 873 2176 oeconomicam,
896 2115 985 2177 quam
1000 2095 1142 2173 dicimur,
1165 2095 1315 2159 hominurn
1329 2095 1382 2157 in·

346 2201 491 2264 dormiam
508 2203 629 2279 attinet,
654 2208 782 2282 quatuor
796 2202 978 2282 populorum
993 2217 1109 2282 genera
1123 2199 1312 2282 inunguere
1326 2215 1381 2262 eo·

345 2306 457 2381 lomus,
477 2310 679 2378 veneramen,
705 2310 887 2381 pontonem,
911 2306 1140 2380 ruricolarum,
1167 2309 1381 2366 macaron-mc

344 2407 372 2470 h.
389 2426 416 2469 e.
434 2415 521 2468 ortee
537 2409 761 2485 quaestuariae
776 2415 809 2468 et
825 2409 1012 2469 commercia
1028 2409 1249 2468 exercentium.
1265 2406 1380 2468 Diver-

345 2529 408 2574 sam
425 2511 505 2592 apud
521 2510 658 2594 singulos
674 2529 745 2575 esee
761 2511 878 2576 debere
892 2530 983 2593 apum
998 2509 1266 2593 comparandarum
1282 2509 1380 2572 domi·

316 2704 317 2707 Ἴ
344 2615 523 2697 niorumque
544 2615 813 2696 acquirendorum,
841 2618 931 2680 immo
952 2625 984 2679 et
1004 2617 1102 2680 civilio
1126 2617 1209 2681 ritae
1231 2615 1380 2678 rationem

344 2737 381 2782 ro
398 2721 464 2802 ipsa
479 2718 612 2801 potest).
1294 2771 1298 2775 .

410 2825 448 2900 h)
472 2822 561 2897 Quod
573 2822 611 2887 ad
627 2823 758 2886 familiae
773 2824 1018 2906 conjunctionem
1034 2832 1067 2886 et
1081 2823 1277 2887 domeanmm
1288 2823 1380 2887 vitam

346 2929 461 3006 attinet,
475 2927 533 2990 alia
543 2935 589 2990 est
598 2929 745 3010 gentium,
761 2947 841 3010 qnae
852 2929 971 2992 nonnisi
984 2945 1055 3006 una,
1071 2945 1159 3008 quam
1168 2932 1381 3008 eorumquae

345 3031 482 3114 pluribus
498 3038 625 3095 utuntur
638 3033 798 3111 uxonbus,
814 3033 956 3096 conditio.

412 3137 445 3210 c)
468 3133 576 3197 Nullus
592 3143 640 3198 ast
654 3136 804 3217 populus,
829 3139 917 3219 cnjus
931 3137 1070 3219 publicae
1085 3138 1305 3203 communitatis
1319 3155 1380 3204 non

345 3239 385 3301 sit
400 3237 499 3318 aliqua
515 3236 611 3300 forma
628 3246 660 3301 et
674 3239 798 3320 aliquod
814 3243 960 3324 regimen.
982 3241 1058 3306 Sunt
1073 3249 1193 3325 gentes,
1209 3241 1290 3323 apud
1304 3260 1380 3324 quas

345 3359 439 3425 reges
455 3341 536 3406 vitae
557 3342 703 3424 necisque
724 3344 755 3405 in
775 3345 919 3426 populum
940 3346 1053 3409 habent
1073 3353 1268 3428 potestatem,
1293 3346 1380 3426 aliae,

346 3464 472 3526 quorum
493 3446 648 3528 principes
670 3448 790 3510 nonnisi
810 3456 928 3512 tutores
943 3451 1011 3514 sive
1027 3449 1169 3514 consules
1188 3451 1295 3532 populi
1310 3468 1380 3514 ease

402 3656 427 3721 1)
447 3655 580 3722 Soripaoro
598 3657 630 3707 dc
648 3657 699 3708 hoo
718 3664 873 3723 argumento
892 3659 1125 3724 Montesquieu
1141 3663 1169 3709 et
1186 3659 1292 3710 Fuaec
1309 3660 1381 3726 apud

347 3742 447 3805 Gallos,
467 3743 537 3807 apud
553 3743 657 3810 Angloa
673 3744 838 3795 Faleouer
850 3743 956 3814 (1781),
975 3747 1170 3810 Armatrong
1187 3744 1293 3811 (1845),
1312 3746 1382 3813 apud

348 3830 492 3880 Germanos
509 3830 625 3892 Podar,
651 3831 686 3881 do
706 3832 905 3882 Bonatatton.
924 3837 951 3883 et
968 3833 1122 3897 pracsertim
1134 3832 1333 3883 Stockhardt
1351 3833 1383 3883 dc

347 3915 415 3964 eoali
433 3916 461 3964 in
474 3918 578 3980 generis
594 3916 703 3966 humani
720 3917 821 3967 cultum
836 3919 864 3966 vi
875 3933 907 3968 ao
922 3922 1061 3983 potentatu.
1074 3919 1181 3982 Lipainc
1196 3921 1272 3969 1826.
1284 3924 1309 3970 4.
1327 3921 1378 3970 Ze·

347 4001 487 4063 chariae,
506 4005 540 4052 40
552 4001 656 4053 Baicier
670 4019 726 4054 corn
738 4001 820 4054 Siout.
840 4009 859 4053 t.
872 4005 907 4053 11.
919 4021 945 4070 p.
959 4006 1001 4053 43.
1014 4020 1053 4068 aq.

401 4090 430 4148 2)
448 4087 541 4152 Hugo
560 4087 719 4140 Notarrecht
735 4093 759 4153 §-
778 4091 924 4140 reo-132.
947 4089 1215 4153 schmitthannar,
1234 4094 1265 4140 lt
1277 4089 1381 4142 Boane

347 4175 404 4222 conr
415 4169 496 4224 &oot-
509 4172 563 4226 rol.
576 4174 597 4223 Ι.
617 4177 641 4237 fi.
657 4175 706 4226 125
719 4190 759 4240 aq.
