3109 5292
836 528 858 596 8

333 715 430 778 monia
451 731 469 777 a
488 711 609 776 musicis
633 699 741 776 dicitur
763 712 795 774 in
816 718 920 792 cantu,
952 731 990 778 ea
1013 720 1062 778 cst
1085 715 1116 776 in
1140 713 1259 777 civitate
1283 728 1362 777 con·

333 817 454 898 cordia,
478 818 676 882 arctissimum
694 825 784 899 atque
804 819 945 901 optimum
965 820 996 884 in
1017 821 1097 883 omni
1116 818 1273 902 republica
1290 821 1362 882 vin-

334 925 433 990 culum
460 924 687 1002 incolumitatis,
723 943 802 1006 quae
828 926 894 989 sine
919 925 1033 1009 justitia
1063 925 1145 990 nullo
1175 932 1263 1008 pacto
1292 942 1362 989 esse

332 1039 435 1114 potest
451 1029 491 1108 ¹).
544 1017 545 1022 ἵ

406 1137 484 1201 Justi
510 1137 604 1221 igitur
629 1145 660 1200 et
683 1136 800 1199 honesti
825 1137 979 1200 notionem
1002 1133 1111 1200 Cicero
1135 1155 1204 1201 curn
1227 1137 1364 1203 utilitatIs

332 1241 448 1307 ratione
468 1259 530 1306 non
545 1243 667 1322 miscet,
691 1241 764 1304 licet
785 1260 852 1305 cum
867 1239 975 1307 Stoicis
991 1260 1049 1325 pro
1064 1261 1140 1307 vero
1155 1243 1280 1323 habeat,
1302 1260 1362 1306 non

333 1365 403 1412 esse
415 1349 488 1413 utile
504 1348 540 1411 ab
552 1347 681 1412 honesto
695 1347 927 1428 secernendum,
944 1367 1022 1428 cum,
1038 1346 1181 1431 quidquid
1194 1350 1362 1428 honestum,

332 1453 412 1518 idem
429 1461 459 1516 et
474 1453 548 1522 utile
564 1455 604 1518 sit
620 1451 660 1530 Ι).
691 1452 795 1535 ltaque
811 1461 842 1515 et
853 1454 914 1536 jus,
936 1460 972 1517 ut
987 1472 1074 1517 omne
1089 1455 1247 1519 honestum
1263 1471 1362 1538 prop-

332 1567 380 1623 ter
400 1577 434 1622 se
455 1577 526 1622 esse
548 1567 579 1622 et
601 1578 656 1623 suu
676 1566 784 1642 sponte
806 1559 1012 1642 expetendum
1033 1559 1105 1624 dicit
1120 1557 1164 1636 ⁸):
1192 1558 1268 1623 illud
1287 1577 1363 1622 vero

332 1663 403 1728 inde
421 1673 531 1745 ortum,
555 1664 635 1747 quod
649 1672 757 1729 natura
772 1667 920 1748 propensi
940 1684 1044 1730 sumus
1060 1665 1098 1730 ud
1116 1664 1286 1752 diligendos
1301 1665 1362 1730 llo-

333 1772 429 1836 mines
444 1769 486 1847 4).

317 1905 320 1911 ·
397 1875 444 1940 Ex
460 1895 520 1960 quo
537 1875 620 1942 fonte
637 1876 846 1940 celeberrimis
861 1876 1063 1941 Romanomm
1073 1878 1299 1962 jurisconsultis
1311 1879 1363 1962 jus

333 1983 487 2066 profluere
507 1981 638 2047 videtur.
669 1981 833 2045 Praeclare
855 1980 894 2044 de
917 1974 1019 2046 divino
1041 1984 1128 2065 quasi
1144 1984 1223 2066 juris
1243 1984 1361 2068 origiue

329 2092 391 2174 iam
406 2090 565 2172 Ulpianus,
590 2089 641 2170 qui
656 2095 816 2170 postquam
826 2089 904 2170 juris
919 2105 1029 2150 nomen
1047 2088 1084 2152 ab
1096 2089 1213 2171 justitia
1227 2087 1362 2152 descen·

333 2196 407 2262 dere
423 2195 506 2274 dixit,
526 2192 600 2259 illud
617 2212 685 2258 cum
701 2191 793 2257 Celso
809 2201 905 2257 artem
921 2194 992 2258 boni
1008 2202 1039 2258 et
1054 2196 1154 2277 aequi,
1167 2197 1248 2278 juris
1263 2204 1362 2258 autem
1472 2263 1476 2280 Ι

334 2301 487 2366 consultos
502 2309 654 2383 tamquam
670 2299 849 2364 sacerdotes
866 2319 936 2364 esse
952 2301 1007 2379 ait,
1030 2301 1082 2383 qui
1093 2301 1238 2390 justitiam
1255 2300 1362 2362 colen·

333 2416 397 2486 tes,
421 2408 492 2472 boni
515 2415 546 2470 et
567 2408 656 2488 aequi
678 2408 811 2470 notitiam
833 2405 1023 2488 prolitentes,
1051 2423 1179 2487 aequum
1201 2406 1238 2468 ab
1261 2407 1368 2487 iniquo

334 2520 526 2599 separantes,
551 2513 665 2592 licitum
682 2513 719 2575 ab
736 2511 840 2575 illicito
858 2518 1054 2575 secernentes
1069 2511 1289 2594 philosophiam
1304 2530 1363 2574 ue-

254 2667 256 2671 ,
333 2636 413 2697 ram,
436 2636 497 2684 non
516 2618 681 2682 simulatam
699 2615 844 2682 allectent
858 2613 896 2692 ⁵).
934 2617 1005 2681 lnda
1024 2619 1080 2681 tria
1099 2619 1175 2701 juris
1190 2626 1363 2701 praecepta,

333 2725 421 2806 quasi
431 2741 561 2787 summas
571 2725 751 2808 omnisJuris
763 2723 888 2808 regulas
898 2725 1053 2806 proponit:
1070 2723 1198 2787 honeste
1210 2721 1363 2802 vivere⁶),

334 2829 461 2893 alterum
476 2848 535 2893 non
550 2828 690 2920 laedere,
713 2846 802 2892 suum
817 2829 927 2911 cuique
943 2826 1126 2905 tribueret).
1151 2827 1295 2892 Creditur
1307 2828 1364 2891 Ul-

333 2935 439 3016 pianus
461 2943 493 2996 et
511 2934 542 2996 in
556 2934 603 2999 his
621 2942 651 2996 et
670 2934 700 2995 in
718 2935 853 3017 Justitiae
870 2933 1058 3014 delinitione,
1081 2953 1160 3016 quae
1177 2935 1214 2998 ab
1230 2952 1268 2997 eo
1285 2952 1363 2998 con·

334 3048 417 3103 stans
437 3057 474 3101 uc
495 3046 641 3121 perpetua
660 3057 747 3102 suum
766 3040 875 3120 cuique
895 3038 1045 3102 tribuendi
1064 3039 1204 3104 uoluntas
1223 3039 1363 3124 appella·

334 3151 402 3223 tur,
438 3141 606 3207 Stoicorum
629 3144 796 3208 sententias
820 3133 897 3206 esse⁴
913 3153 1047 3208 secutus.
1091 3143 1364 3226 Jurisprudentiam

391 3322 417 3389 1)
436 3321 491 3374 (lic.
510 3323 542 3374 de
560 3325 623 3390 Rep.
642 3324 683 3388 11,
702 3327 743 3374 42.
774 3324 857 3377 Valde
881 3324 1023 3379 dolendum
1044 3330 1098 3388 est,
1123 3325 1194 3391 quod
1216 3325 1310 3375 tertius
1331 3323 1366 3374 de

333 3409 481 3476 Republica
503 3409 582 3474 liber,
607 3413 635 3461 in
658 3427 710 3476 quo
733 3410 765 3462 de
785 3413 892 3478 justitia
914 3413 1039 3464 disseruit
1057 3412 1163 3476 Cicero,
1188 3413 1221 3464 ad
1235 3427 1291 3463 nos
1310 3406 1365 3478 non

334 3497 924 3571 Wm-fflmfflmfflm.

375 3584 638 3652 ,2)D00ffic.111‚
663 3588 687 3649 8,
707 3588 748 3638 36.
1034 3646 1037 3653 ,

387 3676 414 3741 3)
434 3673 502 3724 Ibid.
522 3675 546 3736 ᾗ.
566 3675 607 3724 33.
637 3673 779 3740 Dechg‚
798 3672 864 3736 1,§.
885 3675 925 3724 1⁸.

387 3763 415 3830 4)
434 3763 475 3812 Da
492 3761 574 3828 Legg.
594 3762 615 3824 I,
634 3763 658 3826 ᾖ.
679 3761 719 3811 to.

389 3851 416 3918 5)
434 3852 476 3902 Fr.
498 3855 519 3915 1,
539 3853 562 3914 §-
584 3854 605 3902 1.
631 3851 693 3918 Dig.
715 3855 736 3914 1,
758 3853 781 3900 1.
806 3847 858 3914 (De
873 3850 938 3915 just.
957 3854 983 3900 et
997 3850 1076 3919 jure)

388 3939 415 4004 6)
434 3938 511 4000 Quod
530 3954 560 3990 eo
583 3939 696 3989 consilio
716 3938 804 3988 dicere
821 3937 939 4000 videtur,
964 3942 993 3987 ut
1015 3937 1121 3991 nonnisi
1141 3939 1252 3989 honesto
1273 3937 1366 3989 viven-

335 4032 388 4077 tem
403 4027 463 4091 jure
481 4042 539 4078 csse
557 4027 666 4094 dignum
683 4032 767 4094 putet.

288 4117 290 4123 '
390 4112 416 4179 t)
433 4113 476 4163 Fr.
498 4116 537 4164 10.
557 4117 580 4176 5.
601 4119 623 4166 1,
642 4113 678 4164 ib.
714 4113 755 4163 De
776 4127 840 4161 uero
862 4111 1057 4165 consultorum
1077 4118 1277 4180 praeceptorum
1299 4113 1366 4163 mul·

335 4206 392 4254 tum
410 4199 546 4266 disputant
563 4199 801 4268 interpretacionis
819 4201 929 4251 romani.
974 4241 978 4244 .
