3109 5292
675 549 718 616 dl

179 728 376 811 eonjunotus,
404 745 479 792 suae
505 727 601 810 ipsius
627 745 786 806 personne
809 731 975 794 consulere
997 729 1221 813 proprlemque.

178 831 354 895 lelieitotem
377 834 541 914 consequi,
564 850 708 912 seruere,
728 850 847 916 eogere
862 835 977 912 studet,
997 851 1086 916 quom
1100 834 1214 898 volone

136 965 140 974 ·
178 935 248 998 tetis
263 935 413 1000 humanae
429 936 625 1000 directionem
645 945 771 1000 nostroe
793 940 900 1002 oetetis
916 938 1089 1022 philosophi
1103 957 1213 1015 perno-

179 1039 326 1100 nutitutir
341 1042 477 1102 studitum
497 1040 651 1123 appellent
661 1038 701 1115 ¹).
738 1039 885 1113 Consistit
903 1045 983 1108 enim
1001 1042 1060 1107 hoe
1080 1061 1143 1107 non
1157 1060 1214 1106 eo-

178 1141 243 1207 lum
263 1143 294 1206 in
317 1143 478 1224 explendis
502 1143 641 1208 omnibus
663 1144 723 1208 illis
745 1144 924 1226 desideriis,
952 1165 1081 1230 quorum
1103 1148 1216 1210 mentio

180 1247 259 1312 neu
274 1251 395 1330 estjam
416 1249 552 1328 anobis,
576 1249 631 1312 sed
655 1249 744 1313 etiam
765 1252 796 1313 in
817 1269 871 1330 eo,
892 1260 926 1314 ut
946 1253 1013 1314 eliis
1031 1252 1154 1334 plaeere
1175 1250 1215 1314 nb

179 1352 280 1432 lisque
302 1353 454 1416 aestimari
476 1355 604 1435 quisque
629 1363 771 1436 exoptet,
797 1355 905 1420 iisdem
927 1357 1044 1438 proprii
1066 1355 1215 1419 commodi
1247 1438 1252 1448 ¹

180 1473 274 1520 oense
289 1463 390 1522 ututur
405 1475 521 1540 eosque
537 1459 568 1520 in
586 1467 728 1540 quentum
743 1468 845 1542 potest
862 1459 1048 1538 dominetur,
1070 1462 1101 1522 in
1116 1459 1214 1523 mole-

179 1561 269 1623 rolos
288 1569 387 1624 nutem
403 1571 435 1624 et
452 1570 600 1625 nocentes
622 1563 679 1625 sibi
702 1562 803 1628 odium
825 1564 952 1642 hebeat,
974 1564 1141 1644 hostesque
1162 1571 1215 1626 out

179 1663 321 1748 effugere
337 1674 389 1730 eut
404 1667 541 1730 omnihus
554 1668 693 1747 eorporis
708 1668 825 1730 viribus
838 1675 891 1732 eut
901 1667 1064 1732 ealliditate
1078 1674 1112 1730 et
1126 1674 1214 1730 estu·

178 1770 220 1834 tto
235 1769 390 1834 debellare
408 1771 515 1834 solen.

247 1873 281 1936 lo
304 1873 442 1938 omnibus
465 1874 548 1940 hisee
571 1875 665 1939 rebus
688 1875 780 1940 homo
804 1875 854 1936 rut
874 1893 983 1938 ornere
1007 1875 1077 1958 regi
1096 1883 1128 1937 et
1149 1876 1215 1956 suis

178 1986 291 2042 tentum
307 1979 474 2040 commedit
493 1979 673 2061 utilitatique
693 1979 815 2043 servire
837 1978 984 2042 dioendus
999 1987 1060 2054 est;
1081 1979 1214 2060 ideoque

179 2084 231 2143 eni
251 2099 391 2144 =omorem
411 2101 480 2146 oum
502 2085 647 2166 propriae
671 2083 807 2148 utilitatis
824 2083 986 2167 ungendae
1008 2083 1111 2147 studio
1134 2100 1214 2146 oon·

176 2187 314 2268 junotnm
335 2194 472 2248 notnroe
487 2191 643 2250 moene
664 2205 734 2252 esse
750 2191 863 2263 lenem,
886 2190 936 2252 eoi
950 2189 1082 2251 omnium
1099 2187 1215 2252 volon-

179 2298 257 2354 totes
272 2290 334 2353 sint
347 2289 501 2370 subditae,
523 2291 651 2354 dubitari
672 2291 754 2356 nullo
774 2293 864 2357 modo
882 2299 991 2374 potest.
1026 2291 1142 2355 Eodem
1157 2291 1215 2356 lroo

179 2394 252 2477 tege
268 2393 405 2458 homines
421 2404 582 2478 reguntur,
598 2414 690 2478 quum
704 2398 877 2460 eonsooiuri
892 2415 961 2461 oum
976 2397 1043 2460 eliis
1058 2395 1213 2470 studeant3

180 2497 254 2560 lieet
269 2507 300 2562 et
320 2499 482 2579 olitores,
503 2517 586 2582 quoe
604 2509 674 2564 sunt
696 2517 753 2564 suo
772 2502 869 2564 umori
889 2503 1011 2564 omnino
1032 2500 1215 2575 contrariete,

180 2603 299 2666 ratione
315 2602 353 2666 nd
369 2603 598 2668 eommunitetes
618 2621 687 2667 eum
703 2603 769 2666 eliis
785 2604 933 2668 ineundus
958 2603 1072 2686 impelli
1087 2603 1215 2666 soleont

249 2707 283 2770 tl.
309 2707 363 2774 list
384 2717 485 2772 nutem
507 2709 601 2772 altero
625 2708 881 2772 oonsoointiouum
906 2707 1102 2771 humanorum
1123 2723 1216 2773 ceute

181 2819 287 2876 mutue
302 2803 454 2876 lominum
475 2829 550 2896 erge
564 2829 600 2876 se
615 2813 744 2874 invicem
763 2811 985 2876 benevolentia.
1022 2811 1099 2876 Sunt
1112 2811 1216 2893 philo-

181 2917 283 2998 sophi,
304 2917 356 2999 qui
372 2918 561 2995 existiment,
581 2933 637 2978 nos
651 2933 729 2980 veno
746 2934 784 2978 ee
799 2915 949 2981 benevolo
963 2918 1077 2995 enimn,
1095 2933 1216 2978 eoem·

182 3019 262 3084 modi
271 3021 375 3084 *nostri
390 3019 556 3102 miserendi
572 3019 672 3084 studio
695 3037 824 3101 prorsus
844 3021 960 3099 alieno,
980 3038 1131 3101 nunquam
1147 3036 1216 3082 mo-

181 3126 260 3203 veri,
275 3125 331 3188 sed
343 3124 489 3208 quidquid
500 3125 571 3188 boni
582 3127 613 3190 in
626 3125 702 3188 elios
716 3126 947 3203 contulerimus,
961 3124 993 3186 id
1006 3131 1113 3188 nostre
1126 3138 1217 3187 oense

182 3245 239 3292 nos
254 3230 285 3291 in
301 3244 356 3293 eos
372 3228 514 3295 eonfeme
529 3229 642 3292 solere.
667 3227 727 3293 Sed
742 3230 915 3312 gravissimi
929 3229 989 3292 viri
1003 3237 1062 3292 tem
1076 3235 1217 3293 veterum

182 3351 272 3415 mem
295 3336 501 3396 recentiorum
529 3329 711 3415 populorum
740 3341 848 3396 oontro
877 3333 955 3395 hoec
977 3331 1217 3415 disputavemnt,

182 3451 242 3500 neo
258 3439 415 3502 immerito,
452 3437 495 3500 ltu
516 3439 596 3501 enim
617 3439 777 3502 constitute
800 3445 849 3500 est
867 3444 976 3500 netum
995 3435 1163 3515 homitmm,
1184 3444 1218 3499 nt

183 3541 266 3621 eliis,
286 3541 409 3605 fovente
430 3561 465 3606 oo
486 3543 637 3608 benevolo
659 3545 757 3606 tunimo
773 3559 845 3604 sese
865 3541 1048 3623 proebernt,
1074 3539 1219 3620 quamdiu

183 3645 304 3710 illinon
319 3645 485 3710 offendunt
522 3647 667 3712 Venimus
682 3648 713 3710 in
728 3649 907 3712 sooietotem
928 3643 1033 3726 gaudii
1054 3663 1124 3707 eum
1140 3643 1219 3722 eliis,

183 3767 252 3812 eum
268 3767 418 3832 prospere
438 3768 490 3814 res
507 3769 614 3816 eorum
628 3751 810 3830 suooedant,
830 3750 883 3813 vel
897 3749 1025 3825 doloris,
1046 3765 1114 3809 oum
1130 3745 1218 3810 mole.

183 3852 256 3916 Solo
271 3853 359 3916 etiam
374 3852 483 3918 levore
504 3855 570 3918 aliis
591 3857 779 3922 consulimus
800 3862 833 3918 et
851 3853 1050 3936 opitulemur,
1071 3869 1131 3914 neo
1145 3869 1219 3914 roro

183 3958 274 4024 vitem
289 3959 418 4022 oliorum
435 3960 577 4041 propriae
592 3960 807 4024 incolumitatis
826 3956 965 4040 periculo
984 3956 1066 4019 tueri
1087 3955 1218 4019 lestine-

240 4172 265 4242 1)
283 4175 410 4239 niente,
427 4171 683 4242 eumaem»
702 4173 737 4226 ΙΙ.
756 4176 781 4237 5.
794 4177 837 4224 et.
