3109 5292
834 514 897 582 156

358 741 361 747 .
379 757 381 761 ,
413 693 553 777 lienique
566 695 688 760 sibodo
700 693 871 778 praeterire
883 711 943 758 uon
955 692 1040 758 licet:
1057 711 1098 758 ex
1110 692 1242 760 &miliae
1256 692 1386 760 vinculo

347 806 380 862 et
394 801 582 885 cognationis
597 799 823 863 necessitudine
843 800 944 863 varias
964 807 1091 865 exortas
1116 817 1186 864 esse
1201 807 1330 883 gentes,
1351 805 1386 862 ct

345 903 429 967 initia
444 908 567 987 cepisse
581 905 749 968 societates
763 904 880 968 ciuiles.
916 901 1118 968 Continentur
1134 921 1172 966 eo
1190 922 1275 968 nexu
1291 904 1384 969 etiam

344 1012 442 1077 omnis
457 1010 577 1092 imperii
591 1008 707 1072 turmae
723 1008 887 1073 elementa:
910 1009 1134 1073 monarchicum
1156 1011 1236 1073 enim
1253 1028 1271 1071 e
1287 1009 1384 1092 patris

343 1115 494 1199 regimine
509 1122 651 1178 exortum
667 1121 728 1176 est:
742 1114 984 1178 armtocraticum
1000 1133 1016 1176 a
1033 1113 1203 1192 lariorum,
1219 1115 1239 1176 i
1255 1133 1283 1176 e.
1299 1113 1384 1178 filio-

343 1237 411 1283 rum
430 1220 564 1303 potentia
584 1228 615 1282 et
634 1218 868 1282 democraticum
892 1219 1032 1304 regimen
1054 1219 1228 1300 aequalitati
1249 1219 1384 1282 omnium

343 1323 495 1389 lominum
510 1323 549 1388 ad
562 1323 643 1388 idem
657 1322 803 1407 populum
820 1323 1032 1405 pertinentium
1049 1322 1329 1406 origiuemdebuit.

742 1553 897 1606 curun·
914 1553 981 1606 vr.

612 1675 656 1748 lto
671 1676 755 1768 juris
779 1675 958 1746 defensioue
980 1675 1014 1745 et
1036 1671 1148 1746 tutela.

410 1838 483 1905 127.
511 1841 719 1924 Exposuimus,
739 1844 770 1907 in
793 1844 1004 1926 superioribus
1029 1843 1177 1924 capitibus
1199 1848 1380 1924 praecepta,

341 1947 452 2029 quitus
471 1965 513 2010 ex
527 1949 652 2012 sumnus
667 1947 825 2011 doctrinae
840 1967 857 2010 a
872 1948 960 2010 nobis
975 1947 1105 2011 traditae
1121 1947 1277 2029 principiis
1293 1945 1380 2029 diju-

340 2051 498 2115 dicandum
513 2060 576 2130 cst,
597 2051 670 2133 quid
681 2055 797 2135 justum
815 2053 881 2115 sine
893 2053 971 2135 juris
987 2069 1058 2114 esse
1074 2051 1173 2132 possit
1186 2057 1218 2113 et
1233 2049 1381 2118 solentin

340 2157 435 2220 variis
448 2156 732 2235 necessitudinibus,
748 2175 827 2238 quae
843 2158 923 2220 inter
938 2155 1076 2220 homines
1092 2174 1153 2220 una
1168 2155 1311 2220 viventes
1327 2155 1384 2218 in-·

340 2258 504 2323 tercedore
523 2258 631 2324 solent
667 2260 928 2337 Examinavimus,
950 2277 1027 2341 quae
1047 2262 1117 2342 jura
1138 2259 1269 2342 singulis
1290 2277 1379 2322 com-

340 2371 449 2446 petere
472 2363 604 2444 possint,
636 2372 667 2426 et
686 2364 864 2444 quibusnam
885 2363 976 2426 iidem
995 2364 1075 2445 juris
1096 2362 1225 2424 mnculis
1246 2363 1305 2427 sibi
1326 2364 1386 2424 in·-¹

248 2495 251 2500 ·
338 2469 439 2533 vicem
453 2467 691 2551 adstringantur.
727 2467 794 2531 lam
809 2467 1028 2550 dispiciendum
1049 2475 1097 2532 ost
1111 2467 1162 2530 de·
1167 2467 1247 2549 juris
1264 2466 1387 2534 deren-v

338 2573 427 2637 sione
449 2579 480 2636 et
500 2573 612 2650 tutela,
631 2573 653 2635 i
669 2590 697 2634 a.
717 2571 756 2635 de
780 2570 894 2650 niudis,
920 2572 1027 2653 quibus
1046 2574 1099 2655 jus
1123 2571 1252 2653 alicujus
1275 2571 1379 2652 populi

337 2677 491 2761 integrum
512 2678 633 2741 servari
653 2685 685 2740 et
700 2680 772 2762 jura
793 2679 936 2758 personis
959 2679 1097 2760 quaesita
1118 2683 1225 2740 contra
1246 2675 1378 2740 aliorum

338 2785 590 2846 contrectationes
606 2781 730 2844 defendi
746 2782 872 2845 soleant

405 2885 494 2959 Quod
509 2894 721 2969 argumentum
735 2887 787 2967 qui
803 2887 979 2970 diligentius
994 2887 1200 2968 inquisiverit,
1218 2885 1309 2950 facile
1326 2887 1377 2950 in·

337 2989 467 3074 telliget‚
483 2989 634 3072 triplicem
648 3007 719 3052 esse
729 2991 811 3072 juris
826 2992 961 3070 tutelam,
977 2992 1104 3073 primam
1119 2990 1278 3069 moralem,
1294 2991 1377 3054 alto-

337 3110 403 3156 rem
417 3094 552 3157 utilitatis
568 3095 686 3171 ratione
701 3095 855 3172 nitentem,
870 3097 990 3158 tertiam
1003 3096 1155 3176 politicam
1168 3109 1228 3158 se'u
1242 3095 1375 3158 ciuilem.

403 3196 440 3261 Α.
461 3197 565 3261 lunata
581 3201 660 3262 enim
676 3200 737 3278 illa,
754 3199 793 3262 dc
808 3217 867 3280 qua
884 3200 1027 3282 ingressu
1043 3206 1167 3261 nostrae
1183 3201 1376 3264 tractationis

336 3301 458 3384 longius
478 3301 695 3383 disputavimus
715 3309 764 3378 (s.
780 3301 851 3379 38.)
879 3303 917 3366 nd
933 3304 1078 3385 justitiam
1101 3303 1376 3368 colendamanimi

336 3407 502 3488 propensio
521 3408 658 3490 singulos
679 3408 806 3489 impellit
827 3407 866 3471 od
888 3407 1015 3469 honeste
1038 3407 1173 3489 ideoque
1189 3415 1221 3470 et
1234 3406 1275 3470 ad
1287 3409 1375 3490 J'uste

335 3510 507 3574 vivendum.
544 3508 651 3593 injusti
667 3520 767 3575 autem
783 3518 814 3574 et
829 3510 956 3593 improbi
974 3511 1112 3573 homines
1127 3521 1280 3595 perpetuo
1297 3530 1376 3576 cru·

336 3615 453 3678 ciuntur
467 3632 601 3696 angore,
617 3616 797 3679 afflictantur
812 3615 998 3695 poenitentia
1013 3615 1229 3697 scelerumque
1246 3634 1376 3680 suorum

335 3717 478 3780 ultionem
493 3736 618 3801 semper
632 3721 749 3793 timent3
772 3726 803 3780 at
818 3737 894 3783 vero
910 3719 1018 3782 felices
1033 3719 1202 3799 sedicunt,
1224 3722 1278 3803 qui
1294 3720 1375 3784 reli-

334 3821 424 3904 giose
444 3821 647 3885 observarunt
665 3822 753 3885 illud:
774 3820 903 3900 „discite
920 3824 1067 3904 justitiam
1088 3825 1194 3890 moniti
1215 3843 1276 3888 noc
1291 3833 1373 3889 tom-

334 3941 411 3987 aare
427 3911 578 3990 divost‘t
1331 3991 1333 3994 .

399 4028 434 4092 B.
455 4029 574 4093 Deinde
588 4047 680 4094 nemo
692 4047 752 4094 uon
766 4031 923 4120 intelligit,
943 4031 1125 4115 prudentius
1140 4051 1212 4098 esse
1224 4036 1388 4120 justitiam.

335 4134 433 4214 sequi,
448 4153 507 4198 nec
521 4135 648 4201 aliorum
659 4138 730 4221 jura
745 4139 879 4220 violare,
894 4157 984 4222 quam
998 4157 1036 4202 ea
1051 4147 1261 4206 contemnere.
1302 4141 1373 4216 Quo
1476 4151 1480 4163 ·
