3109 5292
854 555 878 620 4

356 739 455 796 autem
471 731 629 798 fortiorum
646 735 769 799 arbitrio
790 735 907 818 proprii
927 735 1076 800 commodi
1092 754 1185 800 causa
1201 732 1378 798 constitutas

356 855 425 902 esse
441 838 591 904 dixerunt
617 839 690 908 item
705 841 892 924 Aristippus,
910 841 984 905 nihd
998 850 1103 909 natura
1113 844 1226 926 justum
1242 857 1312 902 esse
1328 844 1381 902 aut

354 943 512 1010 honestum
532 953 583 1010 aut
601 953 708 1030 turpe,
731 948 786 1014 sed
808 948 880 1032 iege
899 955 1013 1012 taratm
1030 966 1067 1014 ac
1086 946 1302 1012 consuetudine
1319 943 1379 1008 do·

354 1051 428 1129 cuit;
453 1051 557 1116 eadem
571 1060 680 1136 postea
694 1053 855 1137 Epicurus,
878 1051 1061 1134 Carneades,
1084 1053 1134 1118 aiii
1149 1051 1281 1136 professi
1294 1056 1377 1124 sunt;

354 1164 386 1220 et
404 1176 471 1222 cum
486 1157 669 1242 voluptatem
685 1167 754 1224 ante
774 1161 872 1226 omnia
886 1160 1046 1244 petendam
1061 1178 1132 1224 esse
1147 1158 1298 1236 dicerent,
1321 1171 1378 1223 so·

352 1263 410 1328 lius
427 1265 570 1347 propriae
590 1265 721 1332 utilitatis
742 1266 870 1345 studium
887 1267 1061 1350 probarunt.

418 1367 528 1434 Contra
549 1370 688 1436 Socrates
709 1389 770 1436 non
792 1372 888 1435 scium
911 1372 1040 1436 civitatis
1061 1370 1179 1454 iegibus
1201 1370 1378 1450 obsequen-

353 1473 438 1554 dum,
462 1474 517 1540 sed
538 1485 568 1540 et
588 1477 733 1559 quaedam
753 1477 884 1542 nahuaii
902 1477 974 1562 iege
996 1483 1162 1559 praecepta
1182 1483 1321 1557 tanquam
1340 1473 1377 1537 ah

351 1580 425 1662 ipsis
449 1580 504 1644 diis
527 1581 666 1664 proiecta
690 1582 879 1650 observanda
902 1602 972 1648 esse
996 1584 1111 1662 docuit,
1134 1583 1153 1647 i.
1170 1600 1197 1646 e.
1220 1601 1272 1660 ea,
1301 1596 1377 1663 quae

352 1685 501 1750 communi
521 1688 651 1752 omnium
674 1691 809 1772 gentium
831 1707 982 1755 consensu
1003 1707 1060 1771 pro
1079 1689 1172 1772 Justis
1193 1687 1378 1752 haberentur

351 1808 489 1872 quaeque
504 1799 640 1874 tanquam
649 1795 700 1876 Jus
713 1812 772 1858 non
784 1795 928 1876 scriptum
942 1792 1022 1876 apud
1036 1812 1142 1858 omnes
1155 1792 1283 1856 naturali
1298 1795 1380 1873 qna·¹

351 1894 419 1959 dam
439 1898 619 1961 necessitate
640 1899 670 1961 in
691 1917 748 1963 usu
769 1907 872 1964 essent
888 1899 926 1976 ¹).
956 1899 1019 1963 idac
1035 1899 1083 1962 vie
1104 1898 1225 1983 longius
1242 1914 1378 1982 progre-

349 1999 467 2065 dientes
481 2003 561 2067 Piato
577 2011 607 2068 et
620 2001 803 2069 Aristoteles
818 2013 848 2069 et
860 2007 973 2069 stoicae
986 2003 1110 2068 scholae
1124 2001 1306 2087 philosophi,
1322 2018 1378 2087 per

349 2125 384 2172 se
399 2106 545 2190 quaedam
561 2109 638 2173 hona
658 2129 694 2173 ac
710 2113 792 2195 iusta
811 2128 881 2175 esse
902 2110 1126 2190 disseruerunt,
1148 2110 1179 2173 in
1199 2104 1380 2171 definiendis

349 2231 425 2276 vero
445 2213 516 2278 honi
531 2216 666 2298 justique
687 2217 802 2294 causis,
826 2216 857 2280 vi
877 2223 908 2280 et
923 2224 1028 2279 natura
1045 2217 1076 2279 in
1092 2215 1192 2281 varias
1212 2212 1378 2278 sententias

349 2318 496 2383 abierunt
527 2320 611 2384 Plato
627 2319 658 2397 ²)
679 2322 773 2398 enim,
797 2320 869 2384 licet
885 2340 963 2403 qnae
979 2321 1099 2406 legibus
1120 2330 1150 2384 et
1164 2319 1301 2382 moribus
1316 2333 1379 2398 po-

347 2423 488 2507 pulorum
501 2425 627 2488 honesta
643 2433 674 2489 et
685 2428 768 2509 justa
783 2427 897 2490 sancita
911 2434 990 2506 sunt,
1007 2427 1111 2490 exilio
1126 2426 1209 2491 fonte
1223 2421 1378 2508 profluere
1408 2479 1412 2489 ,

348 2528 474 2609 diceret,
491 2538 590 2593 tamen
604 2531 676 2592 honi
690 2550 725 2594 ac
733 2533 809 2614 justi
822 2529 963 2608 ideam&
979 2532 997 2594 i.
1011 2550 1038 2595 e.
1053 2549 1198 2595 summam
1212 2530 1278 2613 ejus
1292 2525 1379 2609 quasi

270 2661 272 2664 ·
347 2637 448 2721 legem
469 2645 559 2719 atque
583 2639 742 2720 imaginem
767 2639 798 2701 in
820 2639 899 2701 omni
919 2637 1058 2720 publicae
1080 2636 1278 2719 privataeque
1300 2633 1379 2695 vitae

346 2760 465 2826 genere
486 2744 612 2807 rationis
632 2743 744 2807 iumine
763 2745 898 2826 perspici
913 2760 1005 2826 posse
1020 2741 1129 2805 docuit
1158 2739 1207 2802 Ad
1222 2746 1379 2802 aeternam

345 2849 440 2932 igitur
460 2850 527 2931 ejus
544 2868 679 2913 normam
694 2856 789 2912 totum
803 2848 956 2911 societatis
972 2846 1120 2909 humanae
1135 2851 1246 2907 statum
1262 2841 1378 2905 consii-

346 2952 490 3018 tuendum
500 2971 664 3035 omnesque
673 2953 760 3038 leges
770 2953 992 3037 componendas
1001 2970 1071 3016 esse
1080 2950 1272 3015 existimavit.
1288 2945 1378 3022 Quod

346 3057 597 3140 quemadmodum
619 3057 685 3122 fieri
707 3066 827 3140 posset,
855 3059 886 3121 in
908 3058 993 3122 libris
1018 3061 1078 3135 „de
1100 3057 1265 3135 republica
1288 3061 1319 3116 et
1341 3057 1380 3115 de

345 3166 464 3242 tepidus
487 3165 642 3247 exposuit,
665 3165 823 3248 inquibus
845 3182 921 3228 aero
941 3165 1086 3241 ideotem,
1109 3169 1144 3226 ut
1163 3161 1268 3224 dicere
1289 3158 1380 3225 sole·
1499 3229 1501 3232 .

346 3287 427 3350 mus,
450 3269 508 3335 hoc
529 3276 577 3334 est
596 3270 781 3353 cogitatione
802 3278 916 3336 tantum
937 3290 972 3335 ac
989 3276 1089 3333 mente
1105 3276 1298 3349 perceptam,
1321 3263 1380 3330 sed

347 3375 402 3438 toti
417 3374 498 3438 vitae
515 3374 726 3440 consuetudini
741 3393 870 3458 prorsus
885 3375 1010 3440 alienam
1025 3374 1154 3438 civitatis
1170 3372 1283 3452 optime
1299 3388 1380 3434 con-

346 3479 466 3542 stitutae
482 3480 643 3564 imaginem
660 3480 798 3564 depinxit
811 3478 853 3556 ¹¹).
884 3481 975 3544 Plane
993 3478 1050 3542 alia
1068 3476 1107 3540 de
1123 3477 1236 3560 justitia
1258 3483 1291 3540 et
1306 3477 1381 3558 jare

401 3625 426 3692 1)
445 3625 569 3690 Veder‚
588 3645 632 3696 pp.
651 3630 789 3680 85—174.
1279 3670 1282 3675 ,

400 3713 426 3778 2)
446 3712 568 3766 Ceterum
588 3717 679 3768 Cieero
699 3715 731 3768 de
748 3717 860 3767 Platone
877 3715 928 3764 ait:
953 3714 981 3764 in
1000 3712 1055 3778 ejus
1074 3711 1150 3763 libris
1169 3710 1237 3761 nihil
1256 3709 1379 3762 adfirmat·

345 3804 401 3864 tur,
424 3805 450 3850 et
468 3801 496 3850 in
512 3807 650 3870 utramque
668 3809 768 3870 partem
786 3803 870 3853 multa
888 3802 1063 3864 dimeruntur,
1082 3799 1114 3852 de
1132 3799 1255 3852 omnihus
1275 3799 1380 3866 quaeri·

345 3891 403 3950 tur,
420 3886 459 3938 nil
478 3891 545 3940 certi
565 3891 669 3942 dicitur.

400 3974 426 4039 3)
445 3974 559 4040 Vcder,
577 3992 619 4043 pp.
641 3979 699 4026 182.
718 3991 777 4040 sqq.
807 3976 865 4027 Van
882 3976 999 4040 Heuade,
1021 3977 1099 4027 initia
1115 3974 1303 4044 philosophiae
1321 3973 1380 4040 pla·

344 4061 451 4112 tonicae
469 4062 519 4112 III.
537 4079 564 4129 p.
580 4063 658 4112 2919.

399 4148 427 4215 4)
444 4148 582 4200 Platonem
602 4150 716 4215 primum
740 4148 836 4211 fuisse,
860 4149 906 4212 qui
928 4148 1055 4202 honorum
1077 4155 1103 4202 et
1126 4149 1283 4202 feminarum
1306 4164 1381 4202 com·

311 4227 312 4231 ’
345 4237 501 4288 mumtatem
519 4237 643 4301 amerit,
661 4235 830 4288 notissimum
848 4241 897 4288 ast.
