3109 5292
846 529 890 596 36

410 661 420 670 ’
487 705 671 766 Peuma
691 704 863 782 amparem
882 704 1010 779 erae
1029 703 1125 764 eene
1144 702 1245 780 estve

755 799 909 860 sententiae
920 798 955 878 ¹).

416 927 466 992 18.
490 929 650 1012 Superest,
673 936 708 992 ut
731 926 906 1005 videamus,
930 925 1066 1007 quidde
1086 925 1166 1007 Juris
1189 920 1385 987 laudamento

346 1052 381 1097 ao
397 1033 457 1096 line
472 1033 493 1095 ii
509 1033 675 1112 scriptores
692 1032 863 1108 senserint,
886 1030 939 1111 qui
958 1030 1065 1110 priore
1079 1029 1207 1092 saeculo
1221 1025 1262 1090 da
1275 1027 1385 1089 civita-

347 1136 426 1200 tibus
442 1136 522 1198 bene
537 1135 756 1198 constituendis
773 1134 1009 1215 ordinandisque
1030 1133 1272 1216 disputaverunt.
1301 1131 1339 1194 Et
1352 1131 1386 1192 bi
1474 1193 1480 1205 ,

345 1241 505 1323 quidemin
517 1240 593 1304 duas
602 1249 706 1321 partes
715 1240 937 1304 discesserunt:
954 1239 1075 1320 puidam
1085 1238 1165 1299 enim
1179 1236 1218 1299 de
1232 1236 1386 1318 reipubli-

346 1363 401 1408 cae
417 1345 516 1408 salute
533 1345 716 1425 civitateque
732 1344 813 1407 bene
829 1339 1040 1406 constituenda
1055 1342 1264 1422 quaestionem
1279 1338 1386 1422 pbilo-

226 1457 232 1466 '
347 1447 512 1530 sophorum
527 1449 647 1510 ratione
664 1454 885 1526 tractaverunt,
901 1456 936 1511 ut
951 1447 1075 1510 llobbes
1091 1451 1132 1521 (†
1151 1443 1265 1525 1679),
1279 1444 1387 1507 Loclre

345 1556 386 1627 (†
405 1548 520 1629 1704),
543 1551 759 1624 1111111110ι
778 1548 902 1630 1778),
925 1553 991 1630 alii,
1012 1550 1094 1614 unde
1116 1550 1388 1631 proficiscerentur

344 1656 434 1738 leges
450 1671 570 1735 quoque
585 1660 763 1735 spectarent
783 1662 815 1716 at
829 1657 951 1735 quinam
972 1662 1056 1718 esset
1075 1652 1253 1734 respublica
1272 1653 1386 1734 optime

215 1769 217 1773 ’
344 1757 559 1842 gubernanda,
586 1758 831 1838 exquisiverunt
864 1757 897 1821 ln
912 1759 959 1821 bis
974 1756 1148 1821 nominandi
1162 1764 1236 1820 suut
1249 1755 1331 1819 Baco
1345 1755 1386 1818 de

343 1861 486 1925 verulam
511 1843 552 1936 t't
575 1859 695 1940 aceo),
719 1862 931 1943 Montesqneu
954 1859 1135 1941 (11155),
1159 1861 1199 1924 ue
1221 1859 1387 1944 ottingeri

343 1970 384 2041 (†
402 1963 515 2041 1788).

279 2129 286 2144 ,
412 2068 461 2131 19.
484 2070 561 2132 'ires
585 2071 644 2148 illi,
670 2087 746 2150 quos
773 2070 904 2151 primum
928 2069 1161 2148 nominavimus,
1190 2069 1386 2133 celeberrimi

343 2172 512 2253 scriptores
528 2181 599 2234 ante
619 2174 718 2236 omnia
738 2174 916 2238 necessaria
938 2174 1093 2236 civitatum
1113 2174 1262 2256 principia
1280 2172 1385 2254 inqui-

343 2294 426 2354 rere,
442 2293 611 2356 eorumque
626 2275 767 2339 notiones
783 2276 911 2340 delinire
926 2276 1121 2355 studuerunt,
1142 2294 1182 2339 eo
1195 2277 1385 2359 potissimum

344 2382 491 2460 consilio,
523 2388 556 2443 ut
580 2381 714 2463 legitima
738 2381 897 2461 potestatis
926 2379 1066 2462 publicae
1095 2379 1288 2444 fundamenta
1317 2387 1385 2443 sta·

343 2491 474 2549 tuerent
508 2484 594 2558 Quae
610 2485 804 2566 investigatio
819 2502 837 2546 a
854 2482 978 2547 detione
994 2489 1097 2545 atctm
1116 2485 1203 2546 ittioa
1222 2485 1386 2546 aotwotta

342 2588 557 2670 proficiscitur,
568 2588 682 2668 quippe
691 2589 721 2650 in
733 2606 794 2669 quo
811 2587 924 2669 singuli
938 2588 1075 2650 homiues
1090 2587 1227 2668 dissipati
1240 2587 1385 2673 nulloque

343 2692 497 2756 societatis
519 2692 642 2756 vinculo
666 2692 781 2754 arctius
805 2692 960 2772 conjuncti
983 2693 1057 2754 sint:
1087 2691 1251 2754 civitatium
1273 2691 1386 2754 deiude

342 2796 508 2879 primordia
522 2801 646 2873 ‚poeto
660 2796 818 2856 remotim‘
833 2794 945 2875 dicunt,
961 2811 1064 2875 quum,
1086 2796 1112 2858 si
1123 2796 1206 2876 jacta
1216 2797 1279 2877 jam
1295 2811 1385 2858 eom-

342 2899 495 2964 munitatis
511 2898 707 2961 fundamenta
722 2904 801 2977 sunt,
821 2906 855 2961 et
869 2900 1086 2962 consocientur
1100 2898 1237 2962 homines
1250 2898 1290 2961 ad
1304 2899 1385 2961 rime

344 3005 534 3079 societatem,
556 3009 588 3064 et
597 3003 754 3065 communi
770 3019 925 3066 consensu
940 3020 1007 3065 rem
1023 3002 1173 3084 publicam
1188 3004 1385 3082 constituant,

343 3123 434 3188 quarn
449 3105 486 3168 ad
502 3104 729 3188 gubernandam
744 3108 876 3187 optimus
891 3108 1020 3188 quisquc
1037 3106 1196 3188 deligitur:
1216 3123 1278 3187 quo
1293 3105 1386 3184 111111

344 3210 549 3274 obedientiam
571 3210 641 3272 huic
662 3211 794 3292 principi
815 3214 1020 3294 praestituros
1040 3227 1076 3273 se
1090 3210 1271 3290 promittant
1309 3209 1384 3272 Tum

345 3315 479 3393 demum,
503 3313 638 3378 instituta
661 3322 692 3376 et
716 3314 853 3379 ordinata
874 3314 1047 3397 republica,
1071 3315 1142 3396 jura
1163 3314 1249 3376 nasci
1271 3312 1384 3392 dicunt,

343 3436 421 3501 quae
438 3436 574 3482 summae
593 3419 753 3500 potestatis
775 3418 882 3482 edictis
903 3418 1053 3482 contineri
1074 3415 1203 3480 tradam
1241 3416 1283 3481 At
1297 3417 1337 3480 de
1352 3417 1385 3478 ri

344 3529 376 3585 et
391 3531 498 3586 natura
521 3523 632 3600 ‚poeti
652 3522 803 3583 acciatia“
826 3513 936 3605 migne
959 3529 1007 3585 est
1026 3522 1106 3584 iuter
1125 3519 1195 3583 illos
1215 3520 1300 3584 viros
1315 3518 1384 3584 dis-

344 3643 459 3690 sensio.

409 3727 462 3791 20.
486 3726 707 3803 Hobbasius1)
730 3729 811 3792 enim
826 3737 896 3793 ante
916 3716 1133 3810 rempublicam
1153 3738 1243 3810 pacto
1264 3730 1384 3792 cousti-

343 3839 438 3896 tutum
465 3832 602 3895 homines
625 3831 716 3894 nullis
735 3832 814 3913 juris
838 3833 943 3896 ciliciis
966 3849 1042 3914 erga
1064 3849 1100 3895 se
1126 3833 1258 3896 invicem
1281 3833 1384 3896 teneri

399 3975 424 4040 1)
443 3974 535 4025 Stahl
554 3976 575 4025 1.
594 3992 621 4041 p.
641 3978 692 4026 281
710 3991 765 4040 aeq.
796 3975 909 4026 Ficlate
927 3975 948 4025 L
967 3991 993 4042 p.
1014 3975 1064 4024 860
1083 3991 1140 4042 aeq.

398 4059 424 4124 1)
443 4061 472 4108 in
489 4060 558 4112 libro
578 4060 610 4110 de
623 4060 689 4111 cire
706 4075 776 4112 anno
797 4063 864 4112 1641
883 4062 998 4128 primum
1013 4061 1136 4130 vulgato,
1153 4063 1218 4113 item
1230 4062 1259 4112 in
1271 4076 1317 4124 eo,
1332 4061 1383 4127 qui

343 4145 493 4198 Leviatban
505 4145 669 4211 inscribitur,
687 4162 756 4200 enno
772 4148 933 4202 1111111111.
