3109 5292
645 563 718 632 tet

160 741 1204 828 jasconstituitunquodetipsaup'usinreestcurncrediturquenr-

165 846 326 914 amodum
341 847 424 912 utilis
438 849 568 931 alicujus
583 849 631 910 rei
645 847 786 911 dominus
802 857 853 912 aut
868 849 1129 928 usufructuarius,
1153 858 1204 914 aut

163 954 193 1016 is
207 953 246 1016 ad
264 971 353 1034 quern
372 951 490 1034 paceii
505 954 640 1016 servitus
660 954 809 1034 pertinet,
835 955 866 1017 in
884 973 948 1018 rem
965 957 1083 1020 actione
1099 963 1204 1018 conus

163 1075 377 1140 quemcunque
392 1057 423 1119 ci
437 1064 630 1138 competente
646 1058 777 1121 munitus
793 1059 841 1121 sit

230 1160 283 1224 99.
305 1159 428 1224 Nullum
450 1159 517 1222 iere
533 1162 613 1243 J'uris
632 1162 778 1226 marnatis
794 1173 1006 1246 argumentum
1026 1162 1203 1247 diligentius

164 1272 373 1330 tractaverunt
381 1267 559 1347 scriptores,
574 1284 664 1346 quam
679 1266 779 1329 locum
795 1268 833 1330 dc
850 1267 993 1351 legitimis
1009 1267 1132 1332 dominii
1146 1287 1202 1332 ac·

163 1369 304 1452 quirendi
336 1370 447 1432 ceusu.
493 1369 700 1442 Quorumdam
732 1388 770 1433 ee
801 1372 841 1435 do
871 1391 906 1436 re
927 1374 1087 1455 opiniones
1111 1391 1203 1456 supra

162 1479 214 1549 (ς.
223 1471 358 1549 89..90.)
373 1474 540 1537 retulimus.
564 1474 660 1558 Hujus
675 1477 735 1538 ioci
751 1483 807 1554 est,
824 1479 997 1540 universam
1012 1478 1090 1544 hanc
1104 1495 1204 1560 quae·

160 1581 297 1644 accuens
309 1597 351 1642 ex
371 1587 497 1642 nostrae
513 1578 672 1644 doctrinae
692 1590 795 1645 rnente
817 1583 938 1662 penitus
959 1583 1125 1664 explicare.
1155 1582 1201 1646 Ne

164 1684 257 1766 igitur
276 1684 478 1765 nannenus,
501 1686 752 1766 quemadmodum
773 1695 861 1751 extra
879 1687 1056 1750 societatem
1077 1688 1107 1750 in
1123 1694 1203 1750 statu

163 1787 217 1850 itio
233 1789 377 1865 naturali,
397 1805 490 1868 quern
504 1797 624 1869 vomui,
648 1791 781 1854 dominia
797 1792 1008 1872 acquirentur;
1032 1791 1089 1856 sed
1104 1809 1202 1872 rprae-

164 1911 233 1958 natn
254 1893 336 1957 iacta
357 1912 414 1976 pro
432 1895 524 1976 justis
549 1894 674 1959 dominii
694 1895 876 1979 acquirendi
901 1898 1002 1959 causis
1023 1895 1129 1958 haberi
1152 1903 1204 1959 aut
1308 1931 1312 1938 ·

164 1998 288 2075 sanciri,
303 1998 426 2060 dominii
441 2000 550 2080 privati
566 2002 684 2078 rationi,
700 2009 937 2065 consentaneum
948 2002 996 2078 sit,
1013 2008 1201 2081 etanpuae·

166 2100 234 2164 dam
249 2121 353 2166 earum
376 2109 408 2164 et
427 2120 488 2184 quo
503 2121 596 2167 sensu
611 2105 783 2183 naturales,
809 2106 887 2169 aliae
903 2105 1019 2182 civiles,
1041 2105 1117 2168 uliae
1133 2103 1201 2168 ior·

164 2213 248 2280 tuse
262 2207 353 2268 mixti·
364 2206 488 2270 dominii
502 2209 682 2289 acquirendi
695 2209 776 2272 modi
793 2208 915 2272 dicendi
931 2209 1012 2272 sint‘t

230 2310 437 2376 Variisautem
448 2329 609 2376 causarum
621 2312 728 2395 figuris
740 2313 906 2396 diligenter
921 2311 1061 2377 discretis
1076 2321 1108 2376 ct
1121 2313 1202 2376 inter

163 2433 201 2478 se
215 2415 407 2497 conparatis,
429 2416 505 2480 baec
518 2417 751 2498 acquisitionum
774 2436 892 2502 genera
916 2417 1111 2484 secernenda
1131 2435 1202 2484 esse

165 2519 319 2583 videntur.

232 2626 269 2697 a)
292 2622 367 2688 Sunt
382 2642 482 2705 casus,
498 2626 652 2708 inquibus
668 2625 735 2689 fieri
750 2644 811 2690 non
827 2634 944 2708 potest,
961 2645 1000 2691 ne
1015 2627 1084 2708 quis
1098 2643 1203 2690 rerunt

164 2727 362 2808 quarumdam
376 2728 514 2793 doninus
529 2730 690 2794 efficiatur.
716 2730 782 2794 iioc
797 2731 886 2794 modo
901 2732 989 2794 nobis
1005 2732 1202 2812 acquiruntur

85 2890 89 2896 .
165 2832 285 2896 iruotus
301 2853 343 2896 ex
357 2851 394 2895 re
408 2841 514 2896 nostra
530 2835 763 2916 provenientes,
788 2835 937 2915 temeti,
958 2853 1046 2916 quarn
1059 2833 1202 2898 arborum

166 2937 355 3020 Quasque
377 2938 565 3020 plantarum,
601 2941 675 3002 item
698 2940 870 3002 animfflurn
893 2947 1064 3003 nostrorum
1094 2937 1203 3004 insutu

166 3041 252 3104 Haec
272 3043 404 3106 omnium
421 3044 500 3105 eninr
520 3045 604 3107 initio
620 3044 693 3107 nihii
709 3043 792 3108 atiud
807 3045 864 3108 nisi
879 3043 1075 3108 accessiones
1089 3045 1146 3123 rei,
1163 3061 1204 3106 ex

167 3165 229 3228 qua
243 3156 411 3211 nascuntur
425 3148 476 3209 vel
490 3149 666 3230 gignuntur.
696 3147 771 3210 iude
788 3147 907 3212 tructus
922 3148 1091 3231 pendentes
1103 3167 1123 3211 a
1137 3147 1203 3212 tto-

166 3251 263 3314 ruanis
282 3267 356 3332 pers
377 3258 481 3316 term
501 3269 573 3315 esse
594 3252 735 3316 dicuntur
748 3252 787 3326 Ι)
823 3252 1006 3316 Necessario
1031 3254 1125 3336 igitur
1145 3253 1203 3316 hae

168 3367 221 3418 res
243 3354 283 3417 ad
305 3354 468 3418 dominium
490 3355 539 3417 rei
561 3355 732 3440 frugiferae
755 3359 910 3438 pertinent
932 3375 991 3420 nce
1011 3358 1204 3438 separatione

167 3466 219 3521 sut
232 3460 431 3542 perceptione
446 3459 548 3523 denuo
562 3461 593 3522 ei
607 3462 817 3542 accurantur,
840 3461 895 3524 sed
911 3462 957 3524 his
972 3463 1204 3525 intervenienti·

167 3566 226 3630 bus
241 3566 400 3630 dutimtae
419 3573 533 3630 unium
547 3584 600 3630 res
614 3567 655 3630 ad
670 3585 738 3630 eum
753 3568 816 3650 jann
832 3568 1020 3648 pertinentes
1036 3583 1107 3630 esse
1123 3567 1203 3630 inei-

166 3671 263 3752 piuut
306 3670 418 3735 Merito
440 3672 537 3755 igitur
556 3671 711 3737 fructuum
734 3675 874 3737 accessio
894 3673 1056 3736 nannum
1074 3673 1203 3734 nasuta·

169 3776 335 3854 copositio
351 3777 533 3858 appellatur.

233 3878 330 3944 Simili
345 3880 435 3943 rnodo
450 3889 481 3943 et
495 3881 569 3944 aius
585 3881 781 3946 scansiones
802 3882 932 3946 naturali
946 3885 965 3946 i.
981 3901 1006 3946 e.
1026 3880 1204 3946 necessaria

167 3984 286 4046 canone
302 3985 392 4048 nobis
403 3986 517 4068 acquri
533 3985 691 4078 dicendum
705 3995 763 4068 est,
772 3986 878 4058 ueluti
885 3986 1067 4071 allusiones,
1082 3987 1203 4072 plantae

224 4194 250 4262 ι)
267 4194 310 4247 n.
325 4197 368 4246 44.
380 4195 416 4248 n.
425 4196 471 4248 v1.
488 4196 611 4265 atteret
622 4191 734 4264 mun)
