3109 5292
668 557 729 624 tot
1007 629 1033 678 ·

178 743 279 823 scopo
293 757 398 822 poeno
414 737 604 824 plectuntur,
629 757 700 802 oum
720 737 832 801 delicta
848 739 885 802 nb
904 739 942 802 iis
963 747 1139 821 perpetrate
1154 757 1216 804 non

176 844 286 908 oedem
301 843 403 924 modo,
418 863 480 927 quo
495 845 573 924 eliis,
588 844 739 926 imputari,
755 842 812 905 sed
828 845 971 907 excusari
986 844 1112 909 soleant.
1199 858 1202 866 ·

188 968 213 994 ν·
243 948 321 1013 Cum
338 951 400 1032 jus·
412 949 561 1013 libertutis
582 949 701 1012 nonnisi
717 948 799 1029 opud
817 947 957 1012 homines
973 950 1126 1013 societatis
1142 952 1222 1016 vin··

176 1053 247 1116 culo
262 1054 343 1117 inter
356 1071 392 1117 se
407 1055 586 1135 coujunctos
602 1060 742 1130 constet,
763 1053 960 1132 perspicuum
976 1063 1039 1132 est,
1064 1054 1138 1118 illud
1154 1073 1215 1118 nou

177 1173 230 1222 sss
242 1159 309 1241 eius
319 1159 464 1235 euterius,
479 1157 564 1240 quod
578 1175 683 1221 rerum
698 1156 886 1238 publicorum
898 1159 1109 1222 constitutione
1123 1168 1155 1223 et
1164 1162 1214 1224 le·

175 1281 295 1347 gumec
303 1264 534 1346 magistratuum
548 1263 678 1344 imperio
688 1279 750 1324 non
760 1269 947 1342 coarctetur,
964 1265 1019 1328 sed
1035 1265 1106 1343 tnl'e,
1123 1267 1221 1347 quale

175 1370 214 1432 iis
229 1369 490 1432 intercedentibus
505 1369 625 1432 demum
640 1369 764 1446 orietur,
781 1368 932 1432 civitatum
947 1387 1023 1432 vero
1040 1371 1214 1434 eversioni-

174 1477 232 1540 bus
246 1476 449 1558 perturbetur
465 1483 517 1538 eut
531 1475 663 1538 tollatur.
694 1474 782 1537 Unde
797 1475 937 1555 sequitur
951 1481 985 1536 et
999 1473 1091 1537 illud:
1115 1474 1214 1538 liber-

174 1590 267 1646 tatem
283 1599 322 1644 eo
337 1581 506 1662 pleniorem
521 1599 558 1642 uc
571 1581 738 1643 firmiorem
755 1597 841 1658 esse,
870 1597 931 1658 qun
946 1578 1113 1658 perfectior
1129 1581 1169 1642 sit
1184 1587 1220 1642 et·¹

174 1689 268 1752 &ior
282 1686 412 1750 civitatis
428 1685 607 1748 constitutio
622 1692 655 1747 et
669 1701 729 1765 quo
745 1685 861 1765 majore
875 1683 1066 1764 gubernetur
1075 1701 1213 1766 regnan*

175 1795 249 1858 u'mu
265 1792 423 1876 sapientie.

241 1898 362 1962 &mmo
376 1896 474 1958 omnis
489 1894 617 1978 generis
637 1893 780 1958 libertate
797 1895 891 1978 igitur
910 1893 971 1957 lrui
986 1895 1107 1958 videtur
1122 1894 1213 1958 bomo

174 2005 415 2089 sepiemissimus
422 2001 467 2080 ¹),
491 2002 565 2064 setis
580 2000 731 2082 locuples,
747 2007 782 2062 ut
797 2000 925 2077 cunctis,
947 1999 1057 2080 quibus
1073 2008 1214 2062 movetur

174 2109 367 2193 appetitibus,
384 2105 473 2168 lucile
481 2103 660 2168 miniscere
669 2105 777 2186 possit,
795 2111 827 2167 et
840 2105 932 2166 vitem
946 2121 1043 2187 egens
1059 2105 1089 2166 in
1100 2105 1212 2186 optime

174 2215 336 2278 consututo
353 2219 385 2274 et
399 2210 636 2293 prudentissime
651 2209 823 2291 gubernatu
841 2208 1008 2290 republica.

183 2351 189 2360 ·
235 2315 294 2380 80.
315 2316 371 2380 Jus
390 2315 541 2378 libertatis
561 2314 675 2396 duplex
690 2321 755 2391 est,
779 2321 830 2375 eut
846 2314 925 2395 juris
945 2313 1055 2395 privati
1071 2313 1211 2393 suijuris

173 2423 304 2507 publicip
324 2421 397 2485 illud
413 2422 496 2485 veria
512 2421 584 2502 juru
599 2417 789 2500 singulorum
810 2417 961 2481 bominum
980 2417 1128 2496 continet,
1153 2417 1211 2479 boc

172 2528 294 2612 publice
309 2527 419 2591 civium
432 2525 606 2608 priuilegia.

242 2631 280 2694 A.
302 2631 385 2693 luter
399 2630 449 2693 illo
464 2628 630 2694 referendo
646 2633 718 2690 sunt

184 2773 189 2778 Δ
284 2743 323 2813 n)
340 2739 391 2821 Jus
407 2736 549 2799 connubii
570 2736 589 2798 i.
607 2753 634 2796 e.
655 2733 837 2796 matrimonii
858 2731 981 2796 ineundi
996 2732 1210 2815 legitimosque

175 2843 290 2908 liberos
304 2841 488 2923 procreandi
505 2839 643 2903 lucullus.

206 3001 210 3004 .
284 2949 322 3023 b)
340 2949 394 3029 Jus
408 2946 582 3010 commercii
597 2946 616 3007 i.
632 2963 659 3006 e.
677 2947 729 3026 jus
744 2944 843 3007 omniu
858 2944 990 3027 negotio,
1014 2960 1093 3025 quae
1110 2959 1210 3023 quee-

173 3061 239 3119 olur
255 3070 348 3115 ceusu
363 3058 541 3129 tractentur,
558 3048 697 3132 gerundi,
714 3049 813 3111 omnin
829 3047 993 3111 industriae
1004 3065 1098 3129 opero
1108 3047 1216 3110 susce.

173 3158 291 3242 mendi,
312 3174 392 3239 quoe
407 3158 438 3219 in
454 3157 538 3239 egris
554 3163 607 3218 out
621 3155 762 3235 opilieum
777 3154 892 3217 ortibus
909 3152 1045 3216 colendis
1062 3161 1210 3231 constent,

172 3273 223 3328 out
242 3266 274 3326 in
294 3281 331 3325 re
352 3263 547 3337 mercatorin3
580 3262 653 3322 item
675 3259 859 3321 domicilium
876 3260 1019 3339 vitaeque
1036 3274 1134 3340 genus
1150 3257 1210 3320 eli-

174 3368 270 3453 gendi.
294 3368 492 3448 mutendiquc
510 3369 575 3449 jus;
609 3382 716 3428 omnes
740 3364 870 3446 denique
894 3371 1067 3426 contractus
1091 3364 1211 3443 elinque

171 3476 248 3559 juris
263 3475 389 3556 negotiu
405 3471 530 3535 ineundi
546 3470 681 3548 incultus,
698 3471 810 3550 quibus
826 3469 863 3532 nd
880 3487 914 3530 eo
931 3470 1027 3532 omnin
1040 3470 1124 3550 juste
1134 3485 1210 3548 per-

174 3578 302 3644 ficienda
319 3595 397 3659 opus
412 3585 468 3640 est

238 3682 476 3764 Comprebendit
491 3681 624 3762 denique
638 3681 689 3744 illa

261 3793 319 3863 c)
341 3787 512 3851 libertatem
529 3786 679 3866 opinionis
701 3787 732 3847 iu
756 3785 850 3847 robus
876 3782 984 3845 divinis
1006 3789 1037 3843 et
1057 3779 1086 3842 in
1104 3779 1210 3842 artium

174 3893 344 3959 liliernlium
361 3891 587 3973 disciplinarum
603 3889 722 3953 studiis.
1172 3887 1174 3892 ’

227 4112 253 4180 1)
271 4112 336 4164 dum
348 4111 441 4164 Cicero
454 4114 483 4164 iu
495 4111 643 4163 Paradoxis
655 4109 686 4160 G,
697 4108 732 4160 IL
745 4109 834 4160 solum
846 4109 994 4176 sapientem
1006 4103 1131 4168 liberum,
1155 4119 1210 4156 om·

173 4217 234 4256 nuru
245 4202 360 4271 stultum
371 4216 479 4254 serrum
490 4217 549 4253 eruo
561 4199 695 4268 probarit,
