3109 5292
673 519 718 590 as

172 706 310 788 impulsa
329 715 496 771 moveatur
508 713 561 770 aut
579 723 674 790 agere
694 706 798 788 possit
830 705 917 778 Quae
938 707 1114 771 necessaria
1137 712 1216 786 sunt,

176 829 198 874 a
216 811 370 874 rialiena
390 819 531 892 unquam
554 828 648 874 asna
664 828 755 874 eausa
776 809 922 892 pendent.
955 812 1101 874 biterras
1122 813 1217 896 igitur

178 915 344 978 disendm
363 923 421 994 est,
445 915 528 997 quod
551 915 663 999 agendi
687 923 739 978 aut
762 933 834 978 sese
858 915 999 978 movendi
1023 935 1145 980 oausam
1166 915 1217 981 rel

177 1022 359 1103 prinoipium
381 1023 413 1082 in
435 1038 470 1083 se
490 1023 633 1084 canumet
663 1021 737 1084 lade
757 1035 820 1084 non
836 1019 934 1084 solum
956 1022 1094 1086 homines
1109 1035 1218 1086 verum

172 1126 270 1192 ettam
293 1127 407 1188 caeteri
433 1125 601 1188 animantes
625 1134 753 1189 eatenus
775 1126 865 1190 liberi
888 1124 1046 1206 dicuntur,
1068 1135 1218 1210 quatenus

175 1231 378 1312 proarbitrio
394 1247 462 1308 suo,
480 1230 553 1312 quid
569 1231 673 1310 velint,
688 1229 855 1312 perficiant
887 1229 973 1304 Quod
989 1237 1024 1294 ut
1039 1231 1106 1294 lieri
1122 1233 1219 1315 possit

175 1337 389 1398 'neeessariam
398 1342 458 1414 est,
473 1336 559 1416 ipsos
574 1343 656 1398 taum
670 1335 732 1398 lrni
748 1343 902 1416 potestate
918 1343 1023 1417 totque
1038 1337 1080 1400 uti
1090 1337 1218 1415 viribus,

172 1447 214 1505 ut
226 1441 429 1523 quassationi
444 1457 551 1504 eornm
567 1442 692 1504 obstare
707 1442 835 1524 possint,
851 1441 976 1502 vincere
991 1440 1134 1521 polleant.
1150 1439 1218 1504 Du-

180 1544 254 1626 plex
270 1563 347 1628 ergo
362 1547 393 1608 in
409 1545 559 1609 libertatis
574 1548 697 1610 notione
711 1546 903 1629 dignoscitur
918 1554 1116 1625 momentum,
1137 1563 1219 1628 quo·

173 1667 248 1713 ‘mun
268 1651 398 1714 alteram
418 1653 606 1728 nepatmum,
640 1651 768 1715 alteram
788 1669 865 1717 vero
888 1652 1057 1730 positivam
1072 1651 1217 1734 appellari

175 1772 271 1818 oosse
287 1755 419 1818 videtur.
441 1755 479 1818 llt
491 1756 587 1839 igitur
602 1757 693 1818 bomo
708 1756 787 1819 liber
803 1755 862 1819 diei
878 1757 986 1838 possit,
1002 1757 1028 1818 is
1043 1773 1103 1818 non
1119 1754 1216 1818 solum

180 1861 414 1942 appetitionum,
435 1861 633 1924 consiliorum
649 1861 860 1942 actionumque
877 1877 1000 1924 suarum
1016 1861 1103 1942 qnasi
1119 1859 1219 1922 domi·

180 1982 238 2028 nus
254 1972 290 2027 et
301 1965 415 2028 arbiter
436 1967 475 2027 sit
495 1973 630 2046 oportet,
653 1967 868 2029 verumetiam
889 1965 920 2028 in
940 1981 976 2028 ea
993 1965 1164 2028 conditione
1180 1965 1222 2026 sit

181 2070 316 2152 positus,
340 2076 374 2132 ut
388 2069 535 2150 quidquid
551 2069 657 2132 faeere
673 2071 876 2148 constituerit,
892 2071 1022 2152 exsequi
1039 2076 1070 2131 et
1089 2068 1220 2152 impedi·

182 2182 283 2237 menta
299 2172 445 2237 rolunmti
459 2191 535 2236 suae
551 2176 694 2256 opposita
713 2193 875 2238 removere
896 2177 999 2257 possit.
1029 2173 1076 2237 Ex
1096 2175 1142 2236 bis
1159 2177 1221 2257 jam

182 2286 322 2360 apparet,
342 2279 432 2341 vario
445 2297 549 2346 rerum
564 2280 760 2342 humanarum
776 2280 877 2344 habito
893 2288 1038 2362 respectu
1050 2280 1167 2347 variam
1184 2277 1222 2340 de

182 2381 325 2446 libertate
337 2383 465 2446 bamam
476 2385 685 2464 quaestionem
698 2401 777 2448 esse.
794 2385 857 2448 Aut
866 2385 985 2447 enimut
995 2401 1087 2466 supra
1097 2379 1223 2458 (9.41.)

177 2487 475 2571 jam-exposuimus,
499 2491 675 2571 quaeritur:
699 2507 738 2551 an
759 2489 851 2551 bomo
872 2491 988 2550 morati
1006 2487 1164 2569 praeditus
1185 2487 1223 2548 sit

183 2594 344 2671 mutare,
369 2611 427 2656 neo
442 2596 583 2675 eorporis
599 2596 649 2657 sni
661 2594 912 2676 appetitibusaut
927 2593 1051 2656 animae
1061 2589 1223 2653 desideriis

180 2698 923 2780 quastsemasitasnobnoxiaaatvolantasejm
935 2713 1027 2761 caeca
1038 2695 1222 2758 necessitate

181 2801 279 2870 abiis
291 2804 449 2866 bebatur?
466 2803 623 2866 Hominem
642 2805 702 2867 boe
717 2821 811 2867 sensu
825 2803 954 2866 liberum
971 2801 1223 2879 dicendumesse,

182 2908 255 2989 quia
270 2908 342 2971 boni
358 2927 394 2970 ae
410 2909 490 2987 mali,
505 2911 679 2972 virtutisne
694 2909 814 2991 peeeati
824 2908 1039 2971 conscientiam
1055 2906 1175 2983 babeat,
1192 2903 1222 2966 id

183 3013 285 3094 ipsam
297 3030 393 3096 supra
407 3029 531 3095 quoque
543 3017 723 3078 monuimus.
741 3013 810 3075 ntia
826 3013 915 3094 plane
931 3013 1073 3095 quaestio
1084 3017 1141 3090 est,
1157 3029 1224 3073 oum

180 3119 357 3198 quaeritur:
375 3136 413 3180 an
429 3118 558 3181 bominis
573 3118 708 3182 conditio
723 3120 753 3182 in
769 3127 920 3180 terrarum
938 3118 1012 3180 orbe
1027 3119 1068 3180 ita
1085 3117 1124 3179 sit
1137 3114 1224 3179 ordi·

182 3229 265 3300 mua,
280 3230 388 3285 utnon
404 3229 531 3286 naturae
540 3230 671 3286 exterae
683 3203 806 3300 servus,
819 3223 990 3286 sedvirium
1003 3223 1071 3304 ejus
1085 3219 1225 3283 domiuus

185 3345 223 3388 ae
240 3327 418 3390 moderator
433 3336 464 3390 et
482 3327 613 3391 mundus
628 3331 754 3412 generis
779 3328 900 3390 humani
922 3327 1053 3409 imperio
1068 3325 1227 3406 subjectus

186 3448 259 3494 esse
273 3432 439 3495 rideatur?
473 3431 558 3495 llano
571 3437 758 3497 naturalem
779 3432 909 3494 hominis
928 3431 1099 3494 libertatem
1115 3428 1226 3510 appel-

187 3535 256 3598 lare
269 3536 368 3616 lioeat,
385 3555 513 3619 eamque
529 3538 559 3600 in
575 3546 689 3601 tantum
707 3539 878 3601 consistere
895 3535 1065 3612 dicendum,
1080 3535 1112 3596 in
1127 3551 1225 3615 quan-

182 3649 252 3706 -tum
265 3641 360 3705 bomo
374 3659 427 3706 res
443 3643 598 3706 naturales
613 3644 753 3724 potestati
762 3660 838 3705 suae
846 3642 1001 3722 subjectas
1011 3640 1129 3718 babeat,
1146 3645 1227 3700 etex

183 3746 313 3810 arbitrio
328 3763 388 3810 suo
402 3755 540 3810 mantare
553 3748 662 3810 valeat.
723 3784 726 3788 ⁴

253 3848 308 3915 te.
331 3851 446 3915 Neutra
461 3869 540 3916 vero
555 3854 632 3915 baee
647 3854 666 3915 i.
682 3869 711 3915 e.
732 3869 790 3914 nec
809 3851 934 3918 moralis
951 3867 1009 3912 neo
1026 3847 1175 3911 naturalis·
1185 3847 1226 3908 li-

189 3956 306 4034 bartas,
321 3956 395 4019 lieet
405 3957 437 4019 in
441 3959 515 4040 Jure
525 3972 588 4020 aon
596 3975 668 4020 raro
678 3975 782 4021 earum
791 3959 868 4018 ratio
877 3955 1033 4032 habeatur,
1050 3971 1086 4014 ea
1096 3959 1150 4031 est,
1166 3969 1226 4032 qua

181 4058 280 4125 bomo
298 4068 441 4142 tanquam
454 4063 530 4132 jare
549 4063 680 4135 fredus.
710 4058 855 4124 Consistit
870 4059 949 4120 enim
961 4059 1013 4140 jas
1028 4056 1177 4119 libertatis
1197 4057 1228 4119 in

182 4181 247 4246 eo,
265 4171 300 4228 st
313 4169 467 4233 oolam
480 4173 586 4231 nostra
606 4183 693 4230 mero
711 4165 836 4229 alterius
857 4163 1146 4246 arbitriosubjeeta
1167 4177 1228 4224 non

964 4264 1015 4329 pa

453 4413 467 4450 Ι
