3109 5292
688 531 733 600 ‘29

198 720 228 784 in
244 716 482 782 conuenersiam
497 711 644 780 vocarent
664 721 754 795 aque
776 712 981 798 corrigerent:
1004 711 1036 778 id
1050 711 1131 796 qaod
1145 710 1225 777 band

190 825 387 907 improspere
402 823 439 886 iis
455 822 609 886 successit
631 819 750 883 Etenim
762 821 793 882 in
807 820 910 902 primis
924 819 1127 904 llombergius
1142 815 1226 881 Gro-

198 929 240 1009 tii,
264 926 465 1006 Pullendurfii,
488 926 641 1005 Hobbesii,
657 923 780 1010 Cocceji
795 926 905 1008 placita
919 925 1050 991 feliciter
1063 926 1226 1011 impugna·

198 1035 241 1099 vit
257 1033 296 1110 ¹).
333 1033 371 1096 Et
393 1031 600 1098 Sohmaussius
620 1032 651 1094 in
673 1033 943 1094 dissertationibus
957 1033 1042 1102 iuria
1065 1016 1225 1093 notauit

199 1157 259 1202 non
281 1137 470 1221 ineleganter
492 1137 612 1220 scriptis
636 1145 665 1200 et
688 1155 766 1202 anno
791 1133 1000 1217 rascatius,
1030 1155 1137 1202 novam
1158 1137 1226 1220 ejus

200 1241 355 1306 mesinae
380 1240 553 1306 tractandae
578 1242 656 1306 viam
678 1243 813 1324 paravit,
842 1241 1089 1322 demonstrando,
1117 1241 1226 1323 quibas

200 1349 386 1416 „instinctas
405 1356 436 1410 et
451 1348 540 1410 animi
555 1347 684 1411 motibus
700 1349 805 1412 variae
819 1348 972 1410 hominum
986 1347 1156 1411 voluntates
1170 1365 1226 1410 re-

199 1461 316 1536 gantur.
345 1453 428 1526 Quae
445 1459 529 1517 sunt:
553 1452 668 1535 proprii
684 1452 832 1517 aornmodi
847 1472 904 1517 sea
916 1456 1067 1516 utilitatis
1081 1452 1226 1530 studium;

199 1567 259 1623 tum
275 1565 390 1637 mutua,
414 1559 513 1640 aliqua
535 1576 574 1620 ex
589 1565 676 1639 parte
693 1576 733 1620 ex
748 1557 808 1622 hoc
822 1558 890 1641 ipso
911 1558 1010 1623 studio
1026 1577 1156 1622 nascens
1172 1563 1226 1620 te·

198 1666 385 1740 afficientia,
394 1663 464 1727 dein
478 1665 667 1746 aequalitatis
682 1664 762 1727 inter
778 1683 833 1728 eos
849 1665 1102 1748 contemplatione
1117 1665 1225 1728 oriun-

198 1769 271 1849 dus,
295 1773 463 1848 aequitatis
488 1769 556 1845 (vel
575 1771 667 1853 justi)
692 1788 819 1851 sensus,
840 1791 901 1854 quo
924 1771 1159 1856 compelluntur,
1181 1778 1227 1851 ut,

198 1895 397 1959 quaecunque
413 1877 621 1958 unusquisque
637 1857 826 1960 sibimetipsi
841 1877 1096 1961 postulat‚eadem
1112 1884 1144 1939 et
1158 1876 1225 1940 aliis

198 1981 354 2046 concedat
391 1981 507 2056 Quibus
524 1981 703 2064 appetitibus
719 1983 846 2048 athene
861 1985 1015 2048 satisfieri
1033 1984 1144 2066 possit,
1166 2000 1225 2044 rn-

199 2089 283 2150 tioae
299 2087 401 2168 (quasi
417 2087 532 2152 animae
548 2088 678 2163 lamine)
698 2089 836 2153 homines
859 2107 929 2154 csse
953 2089 1124 2172 praeditos,
1147 2107 1226 2170 quae

198 2201 343 2272 noscunt,
366 2191 438 2274 quid
463 2193 566 2258 fecere
588 2201 638 2257 aut
657 2192 766 2278 lugere
788 2195 918 2258 debeant
933 2203 964 2257 et
978 2193 1225 2278 quemadmodum

197 2299 327 2364 humana
342 2299 484 2380 societas,
500 2319 587 2382 ιιιιιιιιι
604 2319 660 2383 pro
677 2319 752 2364 vero
767 2301 895 2364 naturali
909 2300 1058 2364 hominnm
1073 2308 1152 2364 statu
1166 2299 1225 2364 ha·

200 2407 262 2485 bet,
278 2407 317 2469 sit
332 2406 550 2484 constituenda,
566 2413 600 2470 ut
613 2424 700 2470 suum
718 2408 827 2488 auique
842 2405 1002 2486 tribuatur,
1017 2406 1037 2469 i.
1053 2424 1080 2469 e.
1096 2423 1133 2468 ea
1145 2407 1225 2488 jura,

200 2529 278 2594 quae
293 2511 418 2592 quilibet
431 2511 546 2574 habere
562 2511 687 2591 debeat,
709 2520 743 2575 ut
762 2530 842 2593 quae
863 2514 930 2597 ejus
948 2521 1056 2576 natura
1076 2510 1226 2595 poposcit,

200 2620 230 2682 ei
242 2624 309 2688 tuta
324 2617 384 2682 sint
399 2614 439 2692 ²).
1212 2643 1216 2648 -

267 2724 321 2788 Vir
343 2731 443 2790 autem
465 2723 676 2804 doctissimus,
706 2724 829 2787 blattas
852 2720 898 2803 ⁸),
928 2721 1013 2786 inid
1040 2722 1234 2806 potissimam*

199 2847 326 2912 operam
349 2829 509 2914 impendit,
537 2837 570 2894 ut
592 2829 743 2910 ostendat,
766 2831 839 2913 Jura
862 2848 917 2894 saa
931 2831 971 2895 ‘ri
992 2830 1135 2914 cogentia
1157 2845 1228 2892 esse

203 2936 295 3015 nulla,
315 2953 374 2998 nec
390 2953 459 3000 esse
475 2935 573 3011 (illam
584 2937 663 3020 juris
678 2935 843 3012 naturalis)
859 2936 1037 3014 doctrinam,
1058 2952 1134 3017 quae
1149 2935 1229 2998 inter

201 3040 361 3125 uulgarem
380 3041 649 3124 jurisprudentiam
676 3046 750 3118 (seu
766 3042 846 3125 juris
867 3041 988 3124 positivi
1007 3041 1175 3116 scientiam)
1198 3047 1230 3103 et

201 3146 336 3212 Ethicam
353 3148 438 3229 quasi
452 3149 483 3210 in
498 3147 596 3212 medio
611 3149 650 3214 sit
664 3148 818 3212 collocata.

270 3251 345 3316 Cum
361 3251 513 3336 paullatim
530 3252 569 3316 de
580 3255 653 3338 justi
669 3261 700 3316 et
714 3253 859 3316 naturalis
874 3253 953 3336 juris
971 3260 1017 3317 tot
1035 3252 1229 3335 quaestiones

203 3368 235 3423 et
254 3368 313 3424 tam
336 3362 439 3423 variae
462 3358 702 3424 doctissrmorum
724 3363 860 3425 virorum
880 3366 998 3439 umque
1015 3358 1229 3440 discrepantes

173 3454 177 3457 ’
204 3468 371 3530 sententiae
391 3468 422 3529 in
437 3464 548 3549 uulgus
571 3472 760 3546 emanarent,
784 3464 872 3528 luere
891 3467 1073 3546 scriptores,
1100 3464 1152 3546 qui
1176 3481 1229 3526 eas
1337 3469 1349 3478 ⁸

203 3570 281 3636 inter
296 3590 331 3636 se
348 3589 532 3654 componere
548 3570 705 3636 studerent
720 3577 810 3652 atque
826 3589 843 3633 e
859 3568 991 3634 fontibus
1005 3570 1133 3633 aliorum
1143 3566 1230 3653 judi-

203 3679 251 3740 cio
267 3676 452 3758 arbitrioque
472 3695 542 3756 suo,
565 3685 703 3758 quantum
718 3695 839 3759 quoque
854 3677 942 3741 modo
957 3676 1132 3755 videbatur,
1151 3674 1230 3738 haa-

202 3784 319 3849 rientes
339 3785 502 3862 catartico,
526 3802 602 3865 quae
623 3791 784 3864 vocantur,
801 3784 880 3867 juris
903 3782 1048 3847 naturalis
1067 3787 1230 3864 systemata

202 3907 437 3920 n-—n——nn-r--u-

259 3965 283 4031 1)
302 3965 334 4016 In
345 3965 413 4016 libro
430 3965 495 4016 1719
509 3963 591 4015 edito:
610 3963 699 4016 Dubia
707 3963 775 4028 juris
787 3967 905 4013 naturae.

259 4051 285 4118 2)
304 4051 414 4118 Singula
431 4051 497 4102 haec
511 4051 574 4115 jura
591 4055 710 4102 recenset
729 4055 809 4115 atque
825 4049 941 4101 illustret
959 4048 1101 4102 &imaum
1117 4049 1145 4100 in
1161 4047 1229 4101 libro

206 4139 274 4194 ttae
287 4139 366 4202 edito,
384 4140 460 4206 eujus
471 4140 630 4190 mentionem
642 4153 721 4204 saepe
732 4138 844 4189 fecimus
855 4154 900 4205 pp.
911 4139 965 4190 tto
977 4152 1032 4228 seq.
1072 4172 1075 4175 -

259 4229 285 4295 3)
302 4227 406 4294 Flatt,
430 4227 582 4282 Venustus
599 4227 721 4292 Vernalis
739 4229 912 4296 ppt-115·
