3109 5292
165 746 294 815 atterius
307 746 451 812 momenti
466 747 592 812 ιιιιιιιιοι
604 745 655 811 ulii
670 745 845 813 fucultatem
861 743 899 808 ds
910 764 951 809 ou
965 763 1002 808 ru
1017 741 1201 828 disponendi

162 869 239 917 turo
254 851 359 916 ιιιοικιι
375 851 534 935 denegare
548 851 637 915 uobis
652 851 733 928 tinet,
749 849 940 932 eundemque
955 851 1125 914 vindicandi
1140 850 1160 913 ι.
1170 867 1197 912 o.

162 959 358 1022 amnibus
372 957 499 1022 ulterius
514 976 582 1021 eunt
598 957 754 1021 uvooundi.

227 1063 437 1126 Plenissimum
448 1065 501 1145 jus
516 1064 548 1124 in
562 1061 664 1143 utiquo
679 1079 714 1124 re
729 1067 780 1137 (et
792 1048 912 1142 quidum
925 1059 1096 1142 corporali)
1112 1057 1199 1122 notu

163 1174 341 1248 ooupetoro
356 1175 467 1247 potest,
491 1168 658 1228 onustum
674 1166 723 1238 (iu
738 1166 914 1248 ungustioru
929 1165 980 1229 vel
992 1165 1072 1246 juris
1088 1165 1199 1236 sensu)

163 1279 300 1336 vocatur.
330 1271 501 1336 Substantia
516 1272 584 1353 ojus
605 1271 663 1333 hoo
678 1277 740 1348 ost,
765 1277 798 1332 ιιι
812 1286 864 1332 res
882 1269 948 1350 ipsu
964 1276 1065 1332 nostru
1082 1267 1200 1329 dicutur

163 1377 218 1440 iot
232 1384 266 1440 ut
279 1377 369 1440 nobis
384 1376 424 1439 do
440 1395 478 1439 eu
493 1393 551 1457 pro
568 1375 694 1438 arbitrio
710 1383 816 1437 nostro
833 1373 966 1436 exclusis
982 1373 1120 1438 omnibus
1133 1371 1199 1435 uliis

164 1479 335 1546 omnimodo
350 1479 505 1545 statuendi
519 1477 647 1544 incultus
658 1480 730 1560 juro
745 1486 905 1560 competat

186 1637 190 1640 .
230 1590 267 1661 u)
289 1584 343 1648 Est
352 1585 445 1668 igitur
454 1584 617 1648 dominium
627 1601 687 1646 non
702 1583 785 1646 tuoto
798 1592 941 1646 constans
954 1583 984 1646 in
994 1581 1121 1662 aliquam
1134 1597 1200 1644 reru

164 1697 300 1773 potestus
314 1691 371 1754 sod
382 1691 478 1772 juris3
493 1690 545 1752 illu
560 1689 779 1752 solumunodo
794 1691 950 1764 possessio
965 1695 1014 1750 ost
1029 1687 1048 1750 i.
1064 1705 1092 1748 o.
1105 1693 1200 1748 nutu·-

164 1794 239 1858 rulis
254 1795 302 1856 rei
316 1792 453 1857 detentio
468 1811 537 1856 nuru
552 1794 653 1856 suino
669 1811 737 1855 euin
751 1792 838 1856 nobis
854 1792 993 1856 habundi.

199 1935 203 1939 ν
230 1899 269 1973 ιι)
292 1898 429 1962 Dominis
449 1899 481 1960 in
500 1898 606 1961 stricto
623 1897 704 1978 juris
719 1914 813 1960 sonsu
833 1897 863 1958 in
879 1897 973 1958 robus
989 1893 1201 1977 corporalibus

166 2003 345 2080 oonsistunt,
358 2003 428 2083 quio
442 2002 501 2065 hue
515 2002 675 2066 soluosuu
689 2000 892 2064 nuturutulos
901 2007 982 2079 sunt,
998 2014 1201 2081 quusoorpo·

165 2109 271 2174 mittor
285 2107 446 2189 possidere
461 2115 494 2169 st
508 2107 539 2168 in
554 2106 664 2187 quibus
679 2123 799 2168 omnum
816 2107 941 2168 ulterius
961 2105 993 2167 in
1013 2103 1093 2168 iilum
1108 2110 1201 2185 potu·

166 2220 276 2277 stutour
288 2211 440 2293 impedire
453 2211 600 2276 volemus.
610 2191 721 2274 'Hodie
736 2217 838 2272 tumen
854 2217 1003 2274 utrorum
1018 2208 1201 2288 iuoorporu-

166 2318 239 2384 tum
263 2315 396 2380 duminio
418 2317 449 2378 in
472 2332 534 2378 usu
554 2323 638 2392 sunt,
674 2314 717 2376 do
745 2331 875 2396 quorum
896 2314 927 2378 vi
948 2321 978 2376 et
996 2311 1099 2376 indutu
1122 2310 1203 2374 iuirs

166 2427 215 2497 (ς.
226 2419 318 2494 103.)
333 2420 484 2485 curiosius
502 2418 708 2500 dispiciemus

234 2532 272 2603 o)
294 2525 464 2589 Domiuiuuu
484 2526 563 2588 siuut
580 2542 671 2586 omno
692 2523 775 2587 uliud
792 2524 843 2605 jus
863 2525 894 2586 in
908 2540 945 2585 ro
962 2541 1027 2586 oum
1047 2521 1138 2585 hobot
1152 2521 1214 2584 ins

168 2631 286 2710 uum,
308 2639 345 2694 ut
357 2649 410 2694 res
426 2630 466 2693 ud
484 2631 642 2712 nos-ipsos
659 2629 701 2691 itu
721 2627 909 2710 pertineant,
932 2645 973 2688 nu
988 2625 1108 2690 ulliulii
1121 2641 1204 2706 quo·

168 2753 291 2817 ouuqus
305 2734 395 2798 ruodo
409 2734 451 2798 du
465 2735 503 2798 iis
518 2733 699 2816 disponenti
713 2733 791 2796 iisvs
806 2730 909 2794 utendi
922 2733 974 2813 jus
990 2737 1149 2810 competit.

233 2840 273 2916 ιι)
294 2840 435 2921 Denique
447 2847 530 2903 tuoto
545 2847 594 2901 ost
609 2838 720 2901 domini
734 2837 766 2900 in
781 2854 847 2898 rem
863 2853 948 2898 suoru
963 2840 1109 2916 potestus,
1123 2840 1206 2897 utux

168 2945 298 3012 ttbitrio
310 2961 370 3008 suo
383 2943 423 3006 do
438 2950 507 3006 totu
522 2961 558 3007 ro
573 2942 738 3024 disponere
755 2942 785 3004 oi
798 2941 900 3018 licoat,
919 2941 987 3004 sivo
1002 2939 1062 3002 hoo
1077 2937 1151 3001 utiiu
1163 2936 1206 3000 ¹sit

30 3049 32 3052 ’
168 3051 251 3127 nois,
281 3050 360 3114 iisvo
381 3057 506 3126 noosut,
528 3049 595 3112 siue
614 3048 673 3129 ipsi
693 3047 816 3110 domino
837 3047 908 3108 indo
930 3043 1119 3108 commodum
1139 3043 1206 3106 sinu

169 3152 309 3219 &uuum
337 3159 496 3228 nusoutur3
532 3151 651 3214 idcirco
673 3151 836 3214 dominium
861 3152 950 3214 otium
972 3151 1025 3230 jus
1049 3147 1149 3228 uiipuu
1170 3164 1208 3210 ro

167 3261 278 3323 ιιιοιιιιι
299 3264 332 3319 ut
354 3257 506 3318 abutendi
529 3263 667 3320 vocatur.
712 3255 818 3319 Omnis
847 3257 893 3317 roi
923 3255 1039 3316 utilitas
1069 3251 1207 3316 omnisve

169 3361 288 3426 tructus
311 3360 439 3442 atejus
461 3360 614 3424 dominum
636 3362 784 3442 pertinet,
816 3359 872 3424 uisi
899 3360 967 3440 ipse
991 3359 1069 3421 rone
1091 3375 1128 3420 ro
1151 3371 1214 3420 suu·

169 3465 275 3533 nundi
290 3473 321 3528 ot
336 3464 456 3529 fruendi
467 3467 519 3547 jus
534 3464 586 3527 ulii
600 3465 799 3528 concesserit.

189 3612 191 3619 ι
237 3568 291 3633 ot.
313 3569 402 3632 Licet
416 3569 496 3632 onim
517 3568 679 3631 dominium
697 3567 873 3648 plenissimo
889 3574 921 3630 st
934 3573 967 3630 ut
982 3566 1041 3630 diui
1056 3565 1136 3628 solut
1149 3564 1209 3628 ιιι·

171 3675 271 3741 solutu
286 3673 317 3736 io
332 3673 433 3753 aliquo
448 3688 485 3733 re
504 3671 544 3734 sit
562 3679 714 3753 potestus,
736 3679 837 3734 tumen
853 3673 962 3752 uliquis
982 3670 1121 3734 dominus
1137 3685 1211 3733 otus

172 3795 234 3842 uon
256 3776 378 3854 desiuit,
401 3776 429 3837 si
452 3793 533 3857 quun
549 3779 623 3857 juru
641 3776 673 3837 in
694 3793 749 3838 suo
773 3793 808 3837 rs
828 3794 845 3836 u
867 3775 1000 3838 dominio
1023 3772 1158 3836 dotrnoto
1178 3772 1209 3834 in

171 3882 263 3946 ulium
276 3879 479 3957 transtulerit,
496 3877 661 3945 dummodo
676 3879 727 3942 vol
742 3883 829 3944 nuos
845 3877 873 3941 ei
889 3878 1025 3958 supersit
1038 3875 1216 3957 propriotus·

171 3986 190 4050 i.
205 4003 234 4047 e.
250 3982 413 4047 dummodo
430 3983 519 4046 etium
535 3991 691 4046 torrorem
708 4000 798 4042 suom
810 3984 880 4064 juro
897 3982 1000 4044 dicero
1016 3981 1121 4063 possit
1137 3979 1219 4044 Indo·

173 4087 295 4154 dominii
317 4088 348 4152 in
371 4089 453 4164 pleni
477 4095 510 4151 et
529 4086 659 4150 limitati
682 4085 842 4150 distinctio.
887 4085 942 4148 Est
960 4093 1058 4149 autem
1079 4084 1211 4149 omnium

173 4193 280 4258 hurum
302 4191 426 4255 dominii
449 4192 762 4274 circumscriptionuru
778 4191 829 4254 vel
850 4187 1078 4254 diminutionum
1098 4206 1135 4254 su
1148 4207 1211 4256 us-
