3109 5292
643 578 707 652 las

155 759 237 842 dum,
252 761 420 827 doctrinm
428 764 722 846 jurisconsultorum
743 783 948 846 romanorum,
970 769 1021 849 qui
1036 768 1195 850 interpre-

154 866 238 930 tandi
261 875 329 930 arte
345 867 537 948 polluerunt,
561 870 661 933 locum
684 869 722 932 de
738 870 974 954 obligationibus
990 873 1194 954 praestantis-

154 971 264 1035 simam
273 972 353 1055 juris
362 971 491 1035 Romani
505 990 576 1035 csse
591 979 719 1054 partem,
735 980 767 1036 et
783 994 800 1037 a
816 977 1040 1040 recentioribus
1056 995 1117 1040 non
1133 979 1195 1041 im-

152 1075 264 1138 merito
277 1077 422 1158 scriptam
435 1078 515 1158 juris
531 1078 678 1141 rationem
692 1079 849 1161 appellari.
1109 1087 1112 1092 '

223 1179 296 1242 lit:
321 1179 435 1243 Omnes
458 1179 587 1262 dejure
608 1184 738 1246 naturali
761 1185 930 1266 scriptores
954 1186 985 1247 in
1009 1202 1048 1249 eo
1070 1201 1194 1266 operam

154 1285 399 1365 collocaverunt,
421 1294 454 1348 ut
468 1287 606 1369 singulas
622 1287 840 1370 obligationum
857 1289 970 1352 lormas
992 1298 1194 1371 exponerent,

154 1397 186 1451 ot
201 1392 232 1452 in
248 1400 383 1472 systema
398 1391 531 1472 aliquod,
552 1409 609 1472 pro
626 1393 720 1455 variis
735 1411 840 1455 reram
857 1400 887 1454 et
903 1410 1060 1456 causarum
1077 1393 1194 1476 liguris,

154 1493 346 1578 digererent;
369 1496 425 1558 sed
447 1497 524 1560 baec
546 1497 585 1559 de
601 1495 838 1580 obligationibus
854 1496 1024 1578 disputandi
1040 1498 1116 1560 ratio
1133 1499 1193 1560 mi-

153 1600 234 1662 nime
257 1600 415 1680 probanda
436 1619 508 1664 esse
528 1601 664 1678 videtur3
688 1621 816 1684 namqrre
839 1609 923 1664 certa
947 1609 978 1664 et
999 1599 1195 1666 immutabilia

152 1699 193 1766 de
208 1704 340 1786 singulis
355 1705 570 1788 obligationum
588 1708 755 1788 generibus
771 1713 936 1789 praecepta
947 1705 1026 1769 tradi
1041 1723 1100 1786 uon
1116 1721 1194 1786 pos-

154 1815 243 1886 sunt,
265 1809 323 1871 nisi
342 1808 443 1872 babila
465 1811 583 1875 ratione
605 1812 698 1874 totius
717 1812 798 1893 juris
818 1811 916 1873 civilis
938 1810 1064 1892 alicujus
1081 1809 1194 1891 populi.

153 1910 357 1995 Respicienda
381 1915 461 1977 onim
485 1923 556 1978 sunt
578 1917 679 1979 omnia
702 1917 786 1998 jura,
810 1932 888 1995 quae
915 1914 1053 1976 homines
1079 1911 1194 1975 babere

156 2017 267 2095 solent,
280 2019 533 2082 commerciorum
549 2018 630 2100 apud
648 2037 717 2082 eum
732 2019 913 2082 usitatorum
929 2035 1045 2101 genera
1055 2023 1087 2079 et
1101 2015 1193 2096 modi,

153 2139 211 2184 nec
221 2140 283 2184 non
293 2121 408 2186 lormae
418 2126 448 2186 in
465 2122 674 2187 contrahendo
691 2133 836 2205 receptae
852 2122 903 2184 vel
919 2123 1041 2205 legibus
1057 2127 1193 2184 statutae.

155 2223 282 2288 Cautius
298 2217 387 2307 atqrm
403 2227 507 2290 utilius
522 2228 624 2309 itaque
639 2228 763 2290 videtur
783 2245 848 2288 eam
868 2225 991 2290 tradere
1012 2225 1052 2288 de
1071 2223 1195 2306 obliga-

154 2329 293 2392 tionibus
306 2329 481 2409 doctrinam,
503 2332 627 2412 quaein
639 2331 711 2412 jore
727 2332 822 2409 cirili,
846 2346 907 2413 quo
922 2331 1050 2412 quisque
1066 2329 1195 2411 populus

153 2434 396 2515 ubtur,recepta
407 2442 464 2512 est,
472 2442 504 2496 et
513 2435 739 2516 opportunitate
752 2435 843 2496 allata
856 2431 1064 2515 philosophica
1077 2434 1195 2495 ratione

154 2536 194 2600 de
204 2539 236 2599 vi
249 2537 589 2620 atnaturasingularum
600 2537 816 2620 obligationum
825 2537 991 2619 disputare.
1008 2537 1038 2600 Sl
1047 2537 1114 2618 quis
1122 2535 1195 2599 illo·

153 2661 223 2706 rum
238 2644 430 2723 scriptorum,
441 2642 595 2705 doctrinas
605 2643 836 2720 examinaverit,
849 2659 903 2704 eos
919 2642 960 2704 nil
973 2642 1030 2704 nisi
1040 2640 1119 2722 juris
1129 2639 1195 2703 llo-

154 2748 236 2810 mani
255 2747 383 2831 regulas
403 2747 443 2809 de
459 2745 696 2830 obligationibus
715 2747 900 2827 repetivisse
920 2745 1050 2825 videbit,
1073 2749 1104 2807 et
1122 2760 1194 2807 raro

157 2867 215 2915 eos
229 2851 303 2933 quid
319 2852 385 2914 sani
400 2851 527 2914 doceret
547 2851 600 2913 ubi
620 2852 658 2913 ab
674 2851 726 2916 illo
738 2852 810 2933 jure
824 2849 979 2913 recedunt
1012 2849 1120 2936 Neque
1135 2849 1194 2910 boo

155 2947 414 3035 mirandum,nam
428 2956 545 3019 sublato
561 2955 780 3037 obligationum
794 2941 1090 3036 fundamento,quod
1106 2955 1195 3034 ipso·-

154 3074 223 3124 rum
238 3061 431 3143 negotiorum
446 3067 554 3123 natura
564 3067 596 3121 et
600 3060 680 3140 Juris
685 3060 764 3142 juris
782 3059 879 3122 civilis
896 3057 1100 3122 sanctionibus
1117 3073 1195 3122 oon·.

155 3157 306 3244 stituitur,
328 3161 497 3249 fragmenta
515 3172 627 3228 tantum
647 3172 679 3227 et
698 3166 803 3228 inanes
825 3161 1018 3229 definitiones
1037 3162 1115 3226 trsrb
1136 3177 1196 3224 ne·

155 3283 247 3333 cesse
263 3277 320 3332 est

223 3373 298 3436 lte.
322 3371 381 3447 Qui
404 3391 481 3437 vero
506 3373 675 3436 doctrinam
699 3371 740 3436 de
762 3373 997 3457 obligationibus
1027 3373 1195 3455 explanare

155 3479 240 3557 velit,
250 3495 321 3541 eum
337 3477 493 3541 disserere
510 3486 632 3559 oportet
644 3479 684 3540 de
701 3477 831 3560 singulis
848 3479 984 3561 cujusvis
1000 3478 1193 3560 obligationis

155 3581 327 3663 momentis,
338 3582 639 3666 deobligationumvi
653 3581 818 3661 etellectu,
829 3582 970 3646 denariis
985 3573 1196 3665 obligationum

156 3689 325 3771 generibus
341 3688 427 3750 etde
442 3687 719 3771 extinguendarum
734 3703 840 3750 earum
856 3685 960 3750 modis.

223 3793 262 3857 Δ.
284 3792 318 3854 ln
333 3794 416 3855 omni
436 3801 537 3856 autem
558 3791 743 3875 obligatione
766 3792 826 3854 tria
851 3789 1095 3871 conspiciuntur,
1113 3801 1195 3870 per·
1227 3869 1234 3880 .

155 3912 262 3975 sonae,
277 3898 449 3979 intorques
464 3897 619 3974 subsistit,
634 3895 799 3977 praestatio
815 3914 832 3957 a
849 3893 987 3957 debitore
1010 3893 1149 3958 iacienda
1165 3897 1196 3956 st

154 4002 274 4064 emonii
288 4003 384 4083 ipsius
399 4002 448 4064 ris
462 4008 554 4082 amne
567 4000 676 4063 modas
757 4022 762 4028 ·

222 4111 260 4181 a)
283 4100 373 4169 Nullo
386 4112 486 4169 autom
501 4112 550 4167 est
559 4105 715 4186 obligatio,
725 4104 784 4166 nisi
798 4121 866 4166 cum
883 4102 1020 4166 creditor
1031 4110 1063 4164 et
1078 4099 1198 4165 debitor

153 4211 218 4276 sint
233 4211 399 4275 constituti
429 4210 554 4274 llobitor
568 4208 690 4290 dicitur,
704 4225 722 4272 a
736 4224 797 4291 quo
813 4208 907 4274 inrito
925 4209 1100 4292 praestatio
1112 4207 1198 4294 exigi
