3109 5292
617 573 709 652 ἱ85

161 747 286 816 notione
299 767 440 834 pugnare
455 747 604 828 videatur,
615 767 681 814 eam
693 751 775 834 juris
789 752 952 836 singularis
967 765 1104 818 normam
1121 771 1199 818 con-

161 856 290 920 stituere
305 854 483 920 necessario
498 853 657 918 dicentum
673 863 728 920 est

212 960 265 1036 ὤ)
288 957 338 1022 Ad
362 959 552 1038 aequitatem
574 957 603 1035 ¹)
625 959 824 1041 servandam,
847 962 920 1026 licet
940 962 992 1025 illa
1014 962 1119 1024 stricto
1137 963 1201 1043 juri

161 1066 274 1146 opponi
290 1064 395 1142 soleat,
409 1081 471 1128 nou
483 1064 727 1142 benevolentiae,
748 1067 804 1129 sod
817 1069 894 1149 justi
908 1086 1012 1133 amore
1033 1085 1201 1130 movemur.

161 1167 250 1242 Quod
266 1171 328 1251 jam
349 1187 389 1230 ex
405 1185 443 1230 co
457 1168 586 1252 intelligi
601 1177 717 1251 potest,
738 1170 819 1251 quod
840 1189 966 1254 magnas
986 1173 1112 1254 injurias
1134 1172 1199 1232 ini-

160 1275 315 1351 quitaten,
339 1273 533 1355 injustissima
555 1272 636 1336 lacta
651 1275 760 1351 iniqua
776 1275 975 1355 appellamus.
1012 1276 1116 1350 Quare
1139 1294 1200 1340 uon

160 1376 310 1440 immerito
334 1374 443 1439 Cicero
464 1378 521 1452 (de
544 1377 649 1441 officiis
670 1376 704 1440 11.
729 1376 780 1442 22.
810 1385 840 1452 ς.
862 1376 932 1453 ts.)
952 1381 1008 1442 ait:
1033 1380 1200 1460 „Aequitas

160 1482 259 1545 omnis
283 1479 411 1559 tollitur,
438 1480 464 1543 si
486 1481 602 1545 habere
624 1498 711 1546 suum
737 1483 849 1564 cuique
869 1501 931 1546 aon
950 1484 1052 1546 licere.
1090 1483 1212 1547 uiliore
1308 1470 1316 1480 ’

160 1594 262 1648 tamen
277 1587 414 1666 aequitas
431 1586 593 1668 ajustitia,
615 1604 693 1666 quae
714 1589 840 1668 proprie
857 1589 901 1649 sio
917 1586 1041 1665 dicitur,
1064 1605 1103 1650 eo
1118 1588 1201 1668 quod

159 1689 238 1752 haec
255 1689 420 1752 secundnm
432 1691 512 1772 juris
528 1697 691 1770 praecepta
704 1691 893 1772 generaliter
908 1693 1072 1755 constituta
1082 1691 1201 1774 judicat

160 1813 372 1875 necunquam
396 1795 433 1856 ab
458 1794 495 1856 iis
518 1793 664 1858 discedit:
688 1795 737 1858 illa
762 1812 839 1858 vero
863 1796 968 1859 tribuit
988 1794 1035 1873 id,
1056 1795 1137 1876 quod
1159 1814 1201 1858 ex

160 1899 277 1962 maritis
298 1900 399 1962 causis
418 1899 449 1960 in
469 1898 617 1982 singulari
637 1898 841 1980 aliquotam,
861 1901 1000 1964 omnihus
1015 1900 1110 1962 rebus
1127 1899 1201 1962 dili-

161 2005 339 2088 gentissima
355 2005 597 2086 circumspectis,
618 2012 710 2085 atquo
735 2003 927 2086 ponderatis,
950 2004 1044 2068 alicui
1063 2005 1200 2067 tribuere

160 2127 217 2172 nos
233 2107 348 2170 debere
363 2116 482 2171 rectum
500 2109 682 2190 putavimus.

227 2213 310 2276 lnter
333 2215 470 2276 strictum
491 2219 592 2276 autem
609 2215 660 2295 jus
681 2221 712 2275 et
730 2214 911 2294 aequitatem
926 2212 986 2276 hoc
1001 2212 1133 2276 maxima
1149 2214 1202 2276 in-

159 2324 268 2394 terest,
285 2317 365 2398 quod
381 2317 455 2380 illurl
471 2319 569 2381 omnia
585 2325 671 2380 recta
687 2325 719 2380 et
733 2317 911 2380 inflexibilia
928 2317 1040 2400 exigit,
1060 2319 1213 2396 aequitas·

160 2419 200 2484 de
212 2423 283 2503 jure
300 2421 424 2484 multam
440 2422 571 2484 remittit
594 2419 642 2482 Ac
658 2422 784 2502 primum
800 2419 922 2502 quidem
937 2421 1097 2502 aequitatis
1112 2421 1199 2484 notio

160 2525 303 2603 habetur,
327 2526 448 2606 quantu
467 2527 569 2609 agitur
589 2523 629 2586 de
651 2524 755 2606 legum
775 2527 937 2606 asperitate
957 2527 988 2587 in
1004 2525 1063 2588 illis
1079 2524 1201 2588 casibus

159 2629 374 2711 temperandi,
398 2631 429 2693 in
450 2630 560 2711 quibus
581 2629 684 2691 stricta
700 2627 819 2690 illorum
835 2629 1010 2692 observatio
1027 2629 1129 2709 iniqua
1144 2636 1202 2706 est,

159 2735 241 2817 quod
256 2734 298 2812 lit,
314 2753 382 2798 omn
398 2733 593 2817 legislatores
608 2733 697 2814 lopas
713 2733 873 2816 angustias
889 2733 1034 2811 smibnnt,
1055 2751 1095 2795 na
1106 2735 1201 2816 Justi-

159 2837 403 2918 tiamollendant,
412 2847 464 2903 aut
479 2856 547 2901 oum
560 2837 682 2921 judices
693 2837 952 2921 logosbonignins
960 2837 1202 2919 interpretantur

160 2952 214 3008 ant
229 2962 297 3007 cum
312 2961 367 3007 reo
383 2960 485 3025 poena
500 2943 587 3006 nimis
603 2943 679 3006 dura
693 2943 863 3006 remittitur.

228 3048 421 3130 Acqnitatem
445 3046 557 3112 deinde
582 3049 669 3130 sequi
686 3049 836 3131 jubentur
859 3055 891 3110 et
909 3049 1010 3111 solent
1027 3045 1151 3131 judices
1170 3050 1201 3110 in

161 3154 300 3218 omnibus
323 3153 432 3231 causis,
457 3169 582 3234 quarum
604 3161 708 3216 certae
730 3162 762 3216 et
785 3162 953 3235 perpetuae
972 3155 1052 3238 juris
1071 3153 1202 3236 regulae

161 3257 263 3322 nullae
279 3265 363 3336 sunt,
381 3273 457 3338 quas
473 3258 566 3340 igitur
582 3259 744 3322 universae
760 3260 994 3321 controversiae
1009 3259 1127 3321 ratione
1143 3257 1202 3320 lna·

160 3363 222 3426 bita
238 3361 400 3424 terminant
415 3358 456 3436 Β).
1180 3423 1183 3428 .

227 3469 264 3540 e)
287 3464 354 3527 Alia
369 3466 459 3546 plane
474 3465 673 3528 necmmtatir
688 3467 719 3529 in
732 3466 805 3548 jare
820 3465 898 3528 ratio
911 3473 967 3543 est,
976 3466 1008 3528 id
1024 3473 1071 3530 est
1086 3484 1201 3546 supre-

162 3587 231 3634 mae
245 3570 448 3648 necessitatis,
469 3587 528 3650 qua
542 3572 634 3634 vitam
649 3571 947 3672 incolumitatemque
963 3588 1091 3633 serrare
1102 3571 1199 3653 juba-

217 3715 243 3782 1)
263 3715 315 3766 Ofr.
335 3715 377 3766 Fr.
396 3713 447 3765 Aa.
468 3715 643 3782 Sohilling,
662 3717 833 3782 Programma
848 3718 880 3767 da
892 3718 1035 3782 aequitatis
1047 3717 1155 3766 notione
1167 3731 1200 3766 ex

161 3803 294 3854 sententia
303 3803 372 3868 J'uris
385 3804 488 3852 romani
501 3807 573 3853 recta
586 3803 741 3854 delinienda.
755 3803 863 3870 Lipsiae
871 3803 947 3854 1835,
964 3802 1066 3867 q'ueque
1078 3801 1201 3851 manuale

161 3891 362 3941 institutionum
382 3894 408 3939 at
426 3889 539 3940 historia
552 3891 622 3960 juris
640 3893 743 3942 romani
759 3891 921 3956 (gemonios
936 3888 1075 3953 scriptam)
1094 3889 1200 3953 Lipsiae

164 3979 240 4028 aser.
253 3981 272 4027 e
286 3977 307 4026 1.
326 3994 352 4043 p.
367 3979 481 4026 sr-co.

216 4063 243 4129 2)
263 4064 330 4113 Sunt
342 4063 473 4127 quaedam
485 4062 620 4128 generalia
632 4065 773 4128 aequitatis
785 4067 935 4128 praecepta,
951 4060 1037 4112 relati
1048 4060 1111 4112 hoo:
1134 4061 1200 4112 Jure

162 4166 195 4202 aa
213 4155 310 4200 natura
328 4165 445 4214 aequum
463 4157 514 4213 ast,
533 4151 664 4201 nominem
681 4165 743 4200 cum
758 4150 868 4200 alterius
888 4150 1043 4200 detrimento
1060 4153 1088 4198 at
1101 4149 1201 4214 injuria

163 4237 222 4288 lieri
235 4236 439 4304 locupletiorem
450 4237 493 4288 Fr.
508 4239 557 4288 206
570 4237 604 4288 D.
617 4237 660 4289 50.
675 4240 715 4287 l't.
735 4235 777 4302 (da
787 4253 844 4304 rag.
853 4237 917 4303 jur.)
