3109 5292
678 553 721 624 'tt

179 741 324 798 rescente
350 734 593 818 jurisprudentia
621 736 744 802 nitetur.
788 736 984 820 Quapropter
1008 735 1217 820 juristronsuiti

175 839 314 920 justitiae
329 839 508 903 sacerdotes
525 848 605 917 sunt,
622 843 735 922 jusque
750 839 924 904 custodiunt
938 850 969 904 et
982 841 1146 923 perficiunt
1159 859 1218 905 re-

179 941 372 1026 spondendo,
388 943 554 1023 suadendo,
575 943 615 1006 de
627 945 697 1026 jure
713 943 889 1023 scribendo,
909 963 1019 1009 canem
1033 946 1217 1028 recipientes

180 1055 232 1110 eut
259 1048 452 1130 magistratus
479 1043 635 1131 gerentes.
681 1046 779 1119 Quem
810 1065 902 1130 quurn
927 1050 1007 1133 juris
1036 1050 1217 1133 progressio

180 1150 261 1231 apud
276 1152 422 1233 populum
438 1151 568 1233 aliquem
584 1150 721 1216 altiorem
737 1151 934 1233 perfectionis
953 1153 1083 1238 pradum
1103 1171 1218 1218 ascen·

180 1252 241 1332 tiit,
267 1253 341 1316 nihil
358 1255 388 1317 in
406 1272 444 1319 ec
460 1258 588 1332 mutari,
613 1253 685 1317 nitit
701 1256 770 1318 novi
785 1257 900 1320 utiliter
914 1258 1005 1320 statui
1021 1265 1135 1339 potest,
1159 1256 1218 1320 nisi

181 1359 358 1422 securibus
372 1359 479 1422 iisdem
494 1359 580 1425 hisce
596 1359 670 1422 aris
686 1367 776 1440 atque
791 1362 976 1425 suasoribus.

201 1490 206 1503 r
244 1461 284 1536 ri)
300 1461 374 1526 Sunt
397 1465 491 1548 igitur
515 1463 592 1528 duae
614 1464 711 1526 omnis
727 1467 808 1547 juris
830 1473 960 1527 aetates:
989 1465 1102 1528 etenim
1121 1463 1218 1546 prima

180 1567 370 1630 eontinentur
398 1568 478 1649 juris
510 1575 674 1650 praecepta
702 1570 821 1632 nonnisi
849 1568 954 1650 popuii
984 1567 1120 1649 plaeitis,
1149 1569 1217 1632 sive

179 1671 300 1753 seriptis
315 1672 382 1734 sive
398 1690 458 1735 non
475 1671 605 1755 scriptis,
619 1672 715 1735 altera
732 1665 831 1736 nutem
848 1674 946 1754 posita
961 1672 1076 1735 suntin
1091 1672 1219 1754 rigente

175 1775 418 1858 jurisprudentia
436 1775 474 1851 ¹).
513 1775 657 1857 Sequitur
671 1777 726 1840 hes
740 1793 803 1840 non
818 1793 889 1840 raro
905 1777 995 1840 tertia
1011 1777 1030 1838 i.
1040 1793 1066 1839 e
1082 1793 1131 1855 ea,
1145 1791 1216 1856 qua,

178 1895 272 1960 quum
295 1885 414 1962 tempus
437 1881 666 1960 necessitasque
690 1880 836 1964 postulat,
858 1889 892 1943 ut
914 1881 983 1963 jura
1007 1885 1218 1959 exaequentur

179 1991 231 2046 aut
246 1985 474 2064 perturbentur,
490 1985 700 2063 restituantur,
716 1992 768 2047 aut
783 1984 873 2048 dubia
889 1984 1022 2046 certiora
1038 1981 1215 2059 reddantur,

179 2090 246 2170 ejus
262 2095 427 2170 praecepta
442 2089 473 2150 in
487 2089 562 2151 artis
583 2086 719 2150 ordinem
740 2087 859 2170 digestu
879 2095 911 2150 et
926 2085 1216 2169 jurisconsultorum

179 2191 310 2254 consitio
326 2192 554 2254 accuratissime
574 2190 695 2254 definita
715 2194 818 2266 repen
832 2193 987 2252 ermetem
1008 2189 1215 2271 eomprehen-

177 2293 298 2374 dantur,
308 2313 326 2356 e
337 2295 448 2376 quibus
457 2295 531 2358 solis
546 2293 736 2375 postmodum
748 2295 828 2377 Juris
844 2293 969 2356 seientia
984 2295 1024 2357 sit
1037 2292 1215 2356 hermendo.

246 2399 332 2463 tiene
346 2399 376 2461 in
388 2399 470 2482 Juris
489 2399 615 2462 historia
635 2407 762 2463 aetatem
783 2400 881 2482 anglis
902 2399 1079 2463 unctoribus
1098 2399 1216 2471 vocili-

177 2504 316 2564 cationis
331 2511 460 2566 aetatem
475 2503 630 2584 appellare
647 2504 790 2567 sciemus

100 2683 109 2698 ,
247 2603 300 2670 57.
323 2606 383 2671 Sed
394 2609 465 2689 jura
480 2607 663 2689 populorum
678 2626 738 2670 nun
754 2623 877 2688 semper
897 2609 995 2672 libere
1016 2624 1122 2670 eorum
1137 2622 1215 2669 con-

178 2725 273 2774 sensu
294 2709 476 2793 placidoque
500 2711 590 2774 modo
616 2712 841 2775 constituuntur
866 2719 919 2774 aut
940 2717 1106 2786 nutantum
1133 2707 1216 2774 haud

178 2831 252 2877 raro
274 2814 454 2896 ingeruntur
473 2814 510 2878 iis
526 2818 668 2896 pervim,
685 2815 704 2878 i.
721 2834 747 2878 e.
771 2823 823 2878 unt
846 2815 937 2877 armis
961 2816 1061 2898 gentis
1083 2815 1216 2893 uicinae,

177 2926 229 3012 sut
243 2918 388 3000 superbia'
405 2919 535 3000 tyranni,
552 2925 602 2980 aut
617 2919 647 2981 vi
663 2925 694 2981 et
710 2919 912 3000 oppressione
928 2919 1098 2982 iactimmm.

244 3022 300 3086 Jus
315 3023 367 3086 tali
381 3021 470 3084 ruodo
490 3021 605 3103 populo
628 3021 812 3086 inculcatum
831 3040 946 3086 sumnia
967 3021 1092 3104 injuria,
1115 3022 1214 3084 donee

177 3127 285 3208 pacati
302 3125 423 3188 civitate
437 3126 525 3207 leges
542 3113 599 3206 per
614 3127 674 3189 vim
690 3127 850 3207 impositae
870 3133 978 3207 sponte
993 3125 1031 3188 ab
1046 3141 1086 3187 eo
1100 3126 1215 3188 obser-

68 3219 74 3228 ’
176 3237 287 3294 rantur
302 3236 333 3292 et
352 3229 529 3293 retinentur.
566 3228 649 3292 idern
672 3231 804 3309 obtinet,
828 3249 896 3293 cunr
917 3227 1039 3311 publici
1061 3227 1215 3312 reiigione

177 3334 317 3416 pervim
337 3333 487 3396 conversi
507 3349 584 3396 nova
599 3333 678 3415 juris
701 3341 868 3416 praecepta
890 3334 1010 3416 iegibus
1033 3332 1095 3396 hue
1115 3349 1215 3414 usque

177 3439 321 3502 institutis
336 3436 567 3502 substituuntur.

245 3541 296 3603 58.
320 3540 463 3622 Sequitur
477 3541 560 3618 inde,
577 3540 728 3623 duplicem
745 3559 816 3604 esse
827 3540 901 3623 Justi
916 3542 1079 3603 notionem.
1094 3538 1213 3602 Justum

176 3644 258 3706 enirn
273 3661 333 3708 nen
354 3643 450 3708 scium
471 3644 502 3708 id
523 3643 647 3723 dicitur,
669 3644 751 3726 quod
772 3645 937 3710 seeundum
957 3645 1035 3727 juris
1056 3643 1088 3704 in
1112 3641 1214 3721 aliqua

176 3747 300 3810 civitate
324 3748 456 3832 vigentis
480 3757 645 3830 praecepta
668 3749 705 3810 ab
729 3749 867 3812 omnibus
885 3765 942 3830 pro
958 3749 1042 3830 justo
1063 3745 1168 3808 iuberi
1182 3751 1214 3806 et

176 3849 334 3916 observari
351 3852 459 3932 tebet,
482 3871 590 3916 verum
610 3853 700 3916 etiarn
723 3850 805 3933 quod
828 3852 990 3930 unicuique
1005 3867 1047 3913 ex
1062 3847 1150 3913 animi
1165 3843 1214 3911 sui

233 4093 258 4159 1)
281 4089 357 4143 Haec
381 4091 497 4146 dilucide
523 4093 646 4164 exposuit
670 4091 800 4145 Beseler
824 4092 852 4142 in
875 4087 957 4142 libro:
990 4086 1133 4141 Velkrreclrt
1156 4085 1212 4138 und

174 4173 363 4232 Jrntrtenrrett
382 4181 457 4233 1843.
1199 4182 1202 4189 '
