3109 5292
826 589 891 660 160

338 769 454 852 justitie
481 767 695 834 detrimentum
723 767 831 849 cupiet
874 765 1001 834 Curubit
1026 770 1157 852 primum
1178 768 1378 834 utomuibns

339 872 460 937 vividus
482 873 520 937 sit
538 874 614 955 justi
640 890 752 936 sensus
774 880 806 935 et
832 879 936 939 sanctu
954 873 1033 956 juris
1064 873 1249 940 observatio.
1290 871 1378 947 Quod

339 976 461 1057 quidem
480 975 594 1058 duplici
613 977 733 1038 cutione
753 974 881 1039 efficere
904 981 1019 1059 potest:
1047 995 1115 1040 cum
1136 985 1168 1040 et
1186 977 1379 1059 repelluntur

336 1081 415 1161 iuris
430 1097 611 1159 eversores,
630 1088 663 1143 et
684 1088 879 1164 propagetur
896 1081 970 1163 justi
990 1081 1116 1146 scientie
1138 1089 1169 1144 et
1184 1081 1378 1158 educatione,

338 1192 371 1248 et
385 1184 491 1266 populi
505 1184 672 1248 litterarum
691 1187 860 1266 artiumque
881 1167 1077 1251 institutione.
1115 1184 1377 1259 Quemadmodum

338 1291 419 1352 enlm
440 1288 553 1372 singuli
574 1289 712 1352 hominos
737 1307 776 1352 eo
801 1289 945 1352 meliores
970 1297 1002 1354 et
1021 1291 1169 1372 iustiores
1192 1289 1284 1368 fiunt,
1315 1305 1377 1370 quo

337 1394 435 1476 magis
449 1393 597 1474 perpetim
618 1411 725 1456 corum
745 1410 832 1457 meus
853 1400 915 1471 est,
938 1412 1006 1457 cum
1021 1395 1118 1477 mrjm
1139 1395 1181 1457 sit
1202 1395 1233 1456 iu
1253 1392 1377 1456 homino

337 1497 417 1560 bene
431 1498 567 1561 instituto
582 1497 630 1561 vis
644 1497 770 1561 untionis
792 1504 824 1560 et
842 1497 976 1561 virtutis:
998 1498 1039 1562 ito
1055 1506 1087 1560 et
1106 1499 1209 1580 populi
1228 1498 1309 1564 bene
1324 1497 1377 1562 iu·

337 1603 433 1666 stituti
455 1609 547 1683 utque
572 1603 680 1664 moreti
707 1602 885 1685 religiosius
909 1601 1055 1684 justitium
1084 1603 1186 1666 colunt
1209 1609 1240 1664 et
1261 1617 1378 1683 prose-

295 1770 297 1772 ,
336 1713 487 1786 quantur,
515 1722 605 1786 quem
628 1704 721 1769 rudes
746 1712 778 1768 et
801 1707 930 1770 barbari.
973 1706 1056 1770 luris
1080 1705 1247 1770 violatores
1273 1713 1377 1770 autem

337 1809 527 1893 repelluntur
549 1816 631 1872 metu
651 1825 819 1890 poenorum
840 1817 872 1872 et
892 1811 1049 1894 vigilantio
1070 1810 1230 1873 custodum
1253 1810 1378 1873 securi-⁸

336 1914 403 1976 totis
418 1900 556 1993 pullione
572 1930 666 1976 ceusu
685 1913 897 1978 institutorum.
935 1913 996 1978 Sed
1016 1931 1077 1995 quo
1093 1914 1203 1978 lortior
1218 1914 1300 1995 rpud
1315 1914 1378 1977 ali-

336 2030 429 2097 quem
450 2016 595 2098 populum
620 2024 669 2080 est
689 2020 738 2080 vis
766 2026 798 2081 et
821 2017 988 2082 efficacitas
1016 1995 1206 2082 educo'tiouis
1233 2037 1291 2081 nec
1314 2036 1378 2081 nou

337 2120 439 2182 cultus
458 2119 726 2200 humanitatisque,
749 2138 787 2184 eo
811 2122 978 2186 minoribus
999 2122 1080 2205 rpud
1106 2139 1175 2186 eum
1197 2123 1306 2204 poeuis
1329 2128 1378 2183 est

337 2240 431 2304 opus:
449 2223 580 2303 ideoque
595 2222 735 2287 duriores
750 2231 822 2286 sunt
836 2243 953 2306 poenae
974 2226 1054 2308 rpud
1069 2225 1200 2308 populos
1215 2226 1376 2304 barbaros,

336 2327 474 2390 mitiores
489 2327 570 2408 rpud
583 2336 694 2410 gentos
712 2328 881 2409 politiores.

337 2471 343 2479 ·
403 2430 514 2512 Neque
528 2438 629 2494 tumen
650 2431 736 2495 solus
755 2451 925 2514 poenarum
945 2434 1012 2498 linis
1033 2434 1060 2498 is
1076 2441 1139 2511 cst,
1159 2440 1193 2497 ut
1212 2441 1376 2497 occurrunt
1497 2435 1500 2440 '

338 2534 523 2613 criminibus,
539 2552 633 2616 quum
647 2535 862 2599 deterreamur
878 2545 959 2600 metu
974 2537 1044 2600 meli
1061 2537 1212 2616 homiues,
1228 2537 1280 2617 qui
1295 2535 1376 2600 lucri

336 2641 390 2704 rel
404 2641 567 2722 voluptatis
583 2643 797 2724 expectatione
815 2641 929 2704 iucltetl
943 2641 1088 2724 justitiam
1103 2650 1299 2706 contemnere
1315 2659 1376 2708 eu-

337 2744 495 2824 deot,sed
510 2752 624 2809 etcum
640 2745 679 2808 ol)
696 2762 834 2822 causum,
854 2761 969 2825 poenae
986 2747 1177 2824 sanciuntur,
1197 2751 1231 2809 ut
1244 2743 1375 2832 iujuriue

333 2851 454 2933 lorisve
467 2848 660 2927 violationes,
675 2867 805 2930 quorum
820 2849 902 2912 nulla
914 2849 1057 2912 naturalis
1072 2848 1225 2930 roperutio
1241 2855 1298 2926 est,
1314 2846 1375 2910 illis

336 2953 490 3018 tollentur.
528 2953 587 3026 Qui
602 2953 750 3035 ejusmodi
765 2953 909 3017 iocinoris
925 2963 994 3018 suut
1007 2955 1066 3031 rei,
1077 2956 1128 3037 jus
1142 2953 1270 3019 alterius
1286 2954 1376 3036 pejus

336 3058 468 3124 reddunt
483 3075 522 3121 eo
531 3059 621 3140 jure,
644 3075 706 3138 quo
725 3059 784 3139 ipsi
799 3065 937 3136 utuntur,
959 3058 1127 3137 tolluntque
1149 3075 1217 3120 erm
1234 3057 1375 3137 acquali-

335 3167 440 3238 ntem,
449 3176 540 3241 quum
552 3161 668 3224 servari
675 3162 791 3243 justitio
803 3160 899 3244 jubet.
928 3160 1003 3224 Cum
1018 3162 1095 3225 hunc
1110 3160 1230 3223 restitui
1243 3175 1375 3223 necesse

337 3265 379 3330 rit
388 3281 451 3328 nec
466 3265 577 3346 prioris
593 3283 705 3330 consue
719 3267 921 3348 reintegratio
938 3263 1004 3328 lieri
1020 3265 1131 3346 possit,
1154 3270 1277 3345 oportet
1291 3280 1375 3341 eum,

337 3368 390 3451 uui
405 3367 531 3450 deliquit
543 3369 574 3432 ei
584 3369 647 3451 juri
662 3369 814 3448 submitti,
837 3369 929 3452 quod
940 3369 1008 3450 ipse
1029 3370 1059 3430 in
1076 3367 1204 3432 alterum
1220 3373 1375 3430 statueret

336 3473 403 3538 lloc
417 3473 523 3552 modo,
539 3475 664 3556 expiato
679 3475 766 3556 quusi
783 3475 919 3552 crimine,
932 3474 984 3555 jus
1004 3489 1132 3554 aequum
1148 3470 1237 3536 redit
1272 3470 1375 3536 Poeno

336 3577 439 3660 igitur,
455 3595 545 3658 quem
559 3578 651 3656 subit,
666 3581 743 3640 tutio
759 3587 817 3642 est
852 3578 908 3642 lus
923 3577 1043 3640 tellonis
1059 3577 1188 3658 primum
1204 3593 1374 3658 poenorum

336 3695 410 3747 csse
429 3681 657 3746 fundumentum
677 3681 897 3762 atunellum,
920 3689 951 3744 et
971 3681 1197 3762 antiquissimae
1218 3680 1308 3763 leges
1324 3687 1375 3742 te-

336 3791 470 3864 rtrutur,
484 3793 516 3848 et
530 3784 640 3866 plucitu
655 3785 905 3868 philosophorum
921 3793 980 3848 tem
995 3792 1135 3850 veterum
1152 3801 1241 3866 quom
1257 3801 1374 3848 recem

80 3922 82 3929 ·
206 3968 209 3972 ¹
336 3889 449 3956 tiorum
464 3890 604 3970 probent
628 3889 688 3963 Qui
703 3890 816 3954 talione
830 3891 963 3972 punitur,
979 3888 1017 3952 de
1030 3906 1067 3952 so
1082 3887 1148 3972 ipse
1163 3889 1253 3968 queri
1268 3887 1374 3950 dehet:

335 4009 394 4061 rut
407 3993 487 4057 euim
501 3994 633 4074 quiem
647 3993 797 4080 exemplo
807 3993 900 4056 debet
911 4009 1009 4074 nequo
1021 3992 1122 4057 rnimo
1137 3991 1232 4068 ierne,
1244 3998 1281 4054 et
1295 4007 1374 4072 quoe

337 4095 416 4158 melu
430 4097 556 4178 qunque
572 4097 649 4176 eliis,
665 4096 772 4160 eudem
787 4098 843 4160 sihi
856 4098 1001 4161 construit
1012 4096 1087 4180 ipse.
1110 4095 1184 4160 ludo
1200 4095 1276 4158 illud
1292 4095 1373 4160 onti-

336 4217 466 4289 qurmm
477 4201 580 4286 legum
592 4203 765 4284 pometum
779 4202 903 4294 dictum
918 4207 1023 4281 „mort
1037 4217 1119 4278 pom
1129 4207 1222 4278 rnort,
1238 4203 1373 4263 membre
