3109 5292
669 535 733 605 135

179 713 357 798 aetiologis
372 713 512 798 Aquiliae
534 724 600 780 erat
618 715 803 795 introducta,
826 715 951 794 lurtum,
974 718 1005 782 ui
1020 720 1099 782 bona
1121 727 1219 802 rapta,

182 819 290 898 dolus,
312 819 359 881 vis
376 827 407 881 et
423 829 538 896 metus,
559 837 601 883 ex
622 820 732 902 quibus
755 822 895 886 omnibus
916 823 963 886 rei
988 825 1220 905 persecutoriae

180 928 320 991 arbones
336 925 402 989 dari
417 926 531 1004 solent,
553 927 666 1007 quibus
687 928 900 1008 persequimur
915 927 960 1007 id,
981 924 1063 1008 quod
1088 929 1221 1009 apatri-

183 1031 285 1094 monio
299 1038 407 1094 nostro
421 1030 512 1112 culpa
528 1030 653 1094 alterius
665 1032 761 1095 abest.
787 1032 936 1105 Quoniam
950 1051 1025 1096 vero
1039 1032 1146 1096 iisdem
1162 1032 1221 1096 de-

182 1135 262 1207 lictis
278 1143 309 1198 et
324 1135 449 1201 alterius
465 1135 596 1218 dignitas
612 1135 693 1198 laedi
713 1134 851 1216 videtur,
872 1145 1037 1219 practerea
1053 1155 1158 1222 eorum
1174 1139 1220 1198 rei

183 1249 215 1316 et
228 1258 343 1330 poenas
360 1240 435 1303 dare
449 1239 566 1319 solent,
587 1257 662 1321 quas
679 1248 732 1304 aut
748 1242 898 1323 separatis
919 1243 1091 1306 actionibus
1106 1250 1158 1305 aut
1174 1243 1220 1304 si-

182 1345 244 1411 nrul
260 1363 329 1408 cum
344 1344 443 1409 damu
459 1345 656 1426 reparatione
672 1348 896 1429 persequimur.

246 1449 422 1513 Nascuntur
447 1450 541 1531 igitur
561 1468 603 1512 ex
623 1449 744 1512 delictis
770 1452 828 1517 tria
854 1453 1007 1516 actionum
1027 1452 1078 1514 vel
1098 1453 1220 1536 obliga-

182 1555 298 1620 tionum
327 1573 462 1637 genera,
492 1555 539 1616 rei
565 1556 815 1636 persecuturus,
847 1556 993 1638 poenales
1022 1563 1074 1620 aut
1100 1558 1220 1622 mixtae.

182 1658 280 1721 Hodie
296 1657 479 1724 omniafere
496 1659 622 1734 delicta,
643 1659 752 1739 quibus
769 1659 857 1722 bonis
874 1660 1000 1724 alterius
1016 1661 1154 1726 damnum
1169 1662 1220 1724 in-

183 1761 282 1835 iertur
297 1763 388 1825 etiarn
402 1763 532 1844 publicis
547 1763 858 1828 animadversionibus
879 1765 980 1845 puniri
1002 1764 1119 1843 solent,
1138 1783 1221 1846 quo-

182 1868 261 1932 niam
278 1885 384 1932 eorum
398 1869 446 1930 rei
459 1868 559 1950 ipsum
571 1868 702 1930 civitatis
713 1869 764 1949 jus
776 1885 926 1948 spernere
939 1869 991 1931 vel
1004 1869 1126 1934 turbare
1143 1887 1221 1932 cen-

181 1980 304 2050 sentur,
325 1979 357 2035 et
370 1973 491 2047 nonnisi
511 1972 705 2056 gravioribus
725 1974 833 2053 poenis
845 1951 892 2038 'ab
914 1973 1062 2057 ejusmodi
1084 1973 1220 2038 facinore

183 2078 397 2141 committendo
413 2080 516 2142 arceri
531 2085 667 2160 possunt

248 2187 285 2258 c)
307 2182 510 2266 Estdenique
531 2190 563 2246 et
577 2183 636 2246 alia
656 2181 838 2247 delictorum
859 2179 1045 2262 differentia,
1070 2188 1121 2244 aut
1142 2183 1220 2246 enim

55 2367 57 2375 Α
182 2287 269 2366 dolo,
287 2288 308 2350 i.
324 2307 352 2350 e.
369 2287 521 2366 consulto,
537 2287 587 2350 vel
603 2289 760 2369 proposito
777 2287 906 2352 consilio
922 2295 1153 2370 perpetrantur,
1170 2296 1222 2352 aut

182 2393 272 2474 culpa
288 2400 416 2470 tantum,
437 2395 456 2454 i.
473 2411 501 2454 e.
517 2392 583 2455 sine
599 2391 709 2457 lmude
724 2392 774 2454 vel
792 2392 919 2469 malitia,
937 2391 993 2454 sed
1009 2393 1145 2470 luxuria,
1161 2393 1221 2454 im-

182 2498 301 2578 peritia,
313 2497 526 2578 imprudentia,
537 2498 708 2580 ignorantia
720 2497 770 2560 uel
785 2497 915 2580 ignavia.
942 2496 1097 2568 Quaedam
1110 2498 1221 2560 delicta

181 2603 302 2671 nonnisi
322 2601 394 2666 dolo
412 2601 554 2668 committi
574 2617 666 2684 posse
688 2601 787 2682 palum
811 2609 873 2680 est,
897 2610 929 2664 ut
949 2600 1078 2680 turtum,
1104 2604 1220 2682 rapina,

182 2706 277 2785 fraus,
293 2707 412 2790 injuria,
427 2722 507 2787 quae
522 2707 590 2768 sine
605 2705 766 2788 injuriandi
783 2708 884 2770 animo
899 2706 967 2771 lieri
982 2707 1095 2788 nequit.
1126 2706 1220 2768 Dam-

182 2831 252 2888 num
267 2811 377 2894 iajnriti
391 2811 484 2874 rebus
500 2811 608 2875 alienis
623 2828 700 2874 vero
717 2820 769 2874 aut
785 2809 854 2874 dolo
876 2819 929 2874 out
951 2810 1041 2892 eulpa
1062 2809 1128 2872 dari
1148 2818 1220 2892 pot-

183 2923 244 2994 est3
260 2914 425 2997 sedsaepe
439 2918 531 2998 major
545 2923 593 2979 est
607 2915 707 2978 damni
720 2917 900 2994 aestimatio,
915 2918 945 2986 si,
955 2914 1024 2979 dolo
1038 2915 1115 2980 molo
1132 2935 1220 2996 quam

183 3025 210 3086 si
225 3023 316 3105 culpa
328 3021 359 3085 id
373 3021 484 3086 iactum
498 3022 599 3086 luerit
621 3018 764 3085 Ceterum
774 3021 884 3103 culpae
896 3039 970 3084 reus
985 3023 1073 3085 etiam
1088 3020 1139 3086 ille
1154 3023 1220 3086 elli-

183 3130 274 3207 citur,
285 3128 338 3208 qui
350 3135 515 3208 susceptae
527 3125 702 3209 obligationi
713 3133 765 3189 aut
776 3127 897 3190 omnino
910 3145 981 3204 non,
996 3135 1117 3191 autnon
1130 3127 1221 3207 plane

182 3232 382 3310 satisfecerit,
404 3232 520 3294 etiamsi
535 3230 615 3294 iorte
633 3228 750 3292 desidia
767 3230 818 3300 uel
836 3231 1023 3312 negligentia
1029 3250 1039 3305 ;
1062 3236 1124 3292 tum
1144 3247 1220 3292 vero

182 3356 244 3402 non
261 3346 320 3400 tam
336 3355 377 3400 err
393 3339 458 3418 ipsa
474 3336 579 3417 culpa,
602 3331 658 3397 sed
678 3333 716 3396 ob
733 3333 764 3396 id
788 3331 826 3396 ad
843 3333 984 3398 damnum
1005 3333 1220 3416 praestandum

182 3449 322 3520 tenetur,
354 3439 437 3522 qnod
470 3441 663 3525 obligationis
698 3440 822 3502 vinculo
852 3441 943 3504 alteri
970 3443 1032 3522 Jam
1066 3448 1133 3502 erat
1162 3439 1220 3502 ad-

183 3549 315 3618 strictus.

252 3650 324 3731 106·
348 3651 419 3715 Sed.
425 3654 489 3734 jam
508 3651 581 3715 satis
601 3649 640 3713 de
659 3649 787 3715 delictis.
822 3647 1036 3730 inquirendum
1059 3655 1120 3726 est,
1142 3666 1221 3728 quae

184 3764 290 3821 cetera
301 3758 363 3820 sint
374 3757 527 3821 bominum
540 3755 632 3833 iacta,
650 3756 812 3836 exquibus
831 3753 1035 3836 obligationes
1049 3761 1221 3818 nascantur.

183 3859 269 3924 Haec
282 3861 424 3942 quaestio
443 3877 507 3925 nou
526 3859 585 3928 boc
600 3876 693 3922 sensu
713 3857 889 3939 accipienda
906 3864 965 3920 est:
986 3863 1087 3920 utrum
1103 3873 1221 3936 perpe-

183 3973 267 4028 tuum
289 3966 370 4026 inter
391 3964 529 4026 homines
550 3963 765 4025 commercium
787 3979 848 4024 non
872 3961 992 4042 erigat,
1016 3967 1058 4033 ut
1073 3958 1221 4040 quaedam

185 4069 264 4134 lacta
280 4089 337 4152 pro
354 4070 544 4153 obligatoriis
560 4085 617 4149 per
629 4067 732 4150 legum
745 4067 917 4129 conditores
929 4064 1132 4128 declarentur.
1156 4061 1221 4125 lloc

184 4174 264 4238 enim
279 4175 348 4238 lieri
361 4176 498 4252 perutile
513 4191 595 4252 esse,
610 4171 701 4234 immo
717 4169 785 4234 beri
801 4169 927 4249 debere,
950 4176 983 4232 ut
997 4168 1145 4232 naturalis
1159 4168 1221 4231 bo-
