<?xml version="1.0" encoding="UTF-8"?>
<!DOCTYPE html PUBLIC "-//W3C//DTD XHTML 1.0 Transitional//EN"
    "http://www.w3.org/TR/xhtml1/DTD/xhtml1-transitional.dtd">
<html xmlns="http://www.w3.org/1999/xhtml" xml:lang="en" lang="en">
 <head>
  <title>
</title>
<meta http-equiv="Content-Type" content="text/html;charset=utf-8" />
  <meta name='ocr-system' content='tesseract 3.04.00' />
  <meta name='ocr-capabilities' content='ocr_page ocr_carea ocr_par ocr_line ocrx_word'/>
</head>
<body>
  <div class='ocr_page' id='page_1' title='image "./philosophiaejur00warngoog_0160.png"; bbox 0 0 3109 5292; ppageno 0'>
   <div class='ocr_carea' id='block_1_1' title="bbox 651 522 715 592">
    <p class='ocr_par' dir='ltr' id='par_1_1' title="bbox 651 522 715 592">
     <span class='ocr_line' id='line_1_1' title="bbox 651 522 715 592; baseline -0.031 -1"><span class='ocrx_word' id='word_1_1' title='bbox 651 522 715 592; x_wconf 80' lang='lat' dir='ltr'><strong>tta</strong></span> 
     </span>
    </p>
   </div>
   <div class='ocr_carea' id='block_1_2' title="bbox 124 702 1236 3918">
    <p class='ocr_par' dir='ltr' id='par_1_2' title="bbox 162 702 1203 1919">
     <span class='ocr_line' id='line_1_2' title="bbox 167 702 1203 787; baseline -0.002 -16"><span class='ocrx_word' id='word_1_2' title='bbox 167 721 229 772; x_wconf 89' lang='lat' dir='ltr'><strong>uuo</strong></span> <span class='ocrx_word' id='word_1_3' title='bbox 243 706 376 770; x_wconf 88' lang='lat' dir='ltr'><strong>modoet</strong></span> <span class='ocrx_word' id='word_1_4' title='bbox 390 723 432 768; x_wconf 85' lang='lat' dir='ltr'><strong>ex</strong></span> <span class='ocrx_word' id='word_1_5' title='bbox 443 702 663 786; x_wconf 76' lang='lat' dir='ltr'><strong>metaphysicis</strong></span> <span class='ocrx_word' id='word_1_6' title='bbox 675 709 792 768; x_wconf 88' lang='lat' dir='ltr'><strong>tantum</strong></span> <span class='ocrx_word' id='word_1_7' title='bbox 806 703 980 787; x_wconf 75' lang='lat' dir='ltr'><strong>praeceptis</strong></span> <span class='ocrx_word' id='word_1_8' title='bbox 994 703 1072 770; x_wconf 86' lang='lat' dir='ltr'><strong>solvi</strong></span> <span class='ocrx_word' id='word_1_9' title='bbox 1086 703 1203 774; x_wconf 82' lang='lat' dir='ltr'><strong>debere</strong></span> 
     </span>
     <span class='ocr_line' id='line_1_3' title="bbox 165 807 1203 892; baseline 0.001 -19"><span class='ocrx_word' id='word_1_10' title='bbox 165 810 301 886; x_wconf 83' lang='lat' dir='ltr'><strong>videtur,</strong></span> <span class='ocrx_word' id='word_1_11' title='bbox 324 809 379 872; x_wconf 89' lang='lat' dir='ltr'><strong>sed</strong></span> <span class='ocrx_word' id='word_1_12' title='bbox 395 807 608 892; x_wconf 75' lang='lat' dir='ltr'><strong>physiologica</strong></span> <span class='ocrx_word' id='word_1_13' title='bbox 623 808 712 871; x_wconf 91' lang='lat' dir='ltr'><strong>simul</strong></span> <span class='ocrx_word' id='word_1_14' title='bbox 726 817 775 872; x_wconf 89' lang='lat' dir='ltr'><strong>est</strong></span> <span class='ocrx_word' id='word_1_15' title='bbox 790 818 822 872; x_wconf 88' lang='lat' dir='ltr'><strong>et</strong></span> <span class='ocrx_word' id='word_1_16' title='bbox 836 810 997 873; x_wconf 34' lang='lat' dir='ltr'><strong>historica*</strong></span> <span class='ocrx_word' id='word_1_17' title='bbox 1017 808 1203 874; x_wconf 77' lang='lat' dir='ltr'><strong>Examinat-</strong></span> 
     </span>
     <span class='ocr_line' id='line_1_4' title="bbox 166 912 1202 997; baseline -0.001 -19"><span class='ocrx_word' id='word_1_18' title='bbox 166 915 238 978; x_wconf 89' lang='lat' dir='ltr'><strong>dum</strong></span> <span class='ocrx_word' id='word_1_19' title='bbox 254 915 349 992; x_wconf 85' lang='lat' dir='ltr'><strong>enim,</strong></span> <span class='ocrx_word' id='word_1_20' title='bbox 368 930 516 994; x_wconf 83' lang='lat' dir='ltr'><strong>quaenam</strong></span> <span class='ocrx_word' id='word_1_21' title='bbox 537 913 718 976; x_wconf 90' lang='lat' dir='ltr'><strong>matrimonii</strong></span> <span class='ocrx_word' id='word_1_22' title='bbox 734 912 831 978; x_wconf 79' lang='lat' dir='ltr'><strong>forma</strong></span> <span class='ocrx_word' id='word_1_23' title='bbox 847 915 962 997; x_wconf 87' lang='lat' dir='ltr'><strong>populo</strong></span> <span class='ocrx_word' id='word_1_24' title='bbox 978 914 1068 978; x_wconf 89' lang='lat' dir='ltr'><strong>alicui</strong></span> <span class='ocrx_word' id='word_1_25' title='bbox 1084 932 1202 979; x_wconf 85' lang='lat' dir='ltr'><strong>eonve-</strong></span> 
     </span>
     <span class='ocr_line' id='line_1_5' title="bbox 165 1017 1202 1100; baseline 0 -20"><span class='ocrx_word' id='word_1_26' title='bbox 165 1019 298 1082; x_wconf 87' lang='lat' dir='ltr'><strong>nientior</strong></span> <span class='ocrx_word' id='word_1_27' title='bbox 313 1019 362 1096; x_wconf 81' lang='lat' dir='ltr'><strong>sit,</strong></span> <span class='ocrx_word' id='word_1_28' title='bbox 377 1025 409 1080; x_wconf 90' lang='lat' dir='ltr'><strong>et</strong></span> <span class='ocrx_word' id='word_1_29' title='bbox 425 1034 537 1081; x_wconf 87' lang='lat' dir='ltr'><strong>causae</strong></span> <span class='ocrx_word' id='word_1_30' title='bbox 552 1024 622 1080; x_wconf 90' lang='lat' dir='ltr'><strong>sont</strong></span> <span class='ocrx_word' id='word_1_31' title='bbox 635 1017 861 1098; x_wconf 76' lang='lat' dir='ltr'><strong>explorandae,</strong></span> <span class='ocrx_word' id='word_1_32' title='bbox 883 1035 901 1082; x_wconf 90' lang='lat' dir='ltr'><strong>e</strong></span> <span class='ocrx_word' id='word_1_33' title='bbox 917 1018 1026 1100; x_wconf 89' lang='lat' dir='ltr'><strong>quibus</strong></span> <span class='ocrx_word' id='word_1_34' title='bbox 1042 1019 1119 1081; x_wconf 89' lang='lat' dir='ltr'><strong>varii</strong></span> <span class='ocrx_word' id='word_1_35' title='bbox 1134 1036 1202 1081; x_wconf 84' lang='lat' dir='ltr'><strong>rna-</strong></span> 
     </span>
     <span class='ocr_line' id='line_1_6' title="bbox 166 1120 1203 1205; baseline -0.001 -20"><span class='ocrx_word' id='word_1_36' title='bbox 166 1123 298 1185; x_wconf 85' lang='lat' dir='ltr'><strong>trimonii</strong></span> <span class='ocrx_word' id='word_1_37' title='bbox 322 1120 446 1186; x_wconf 90' lang='lat' dir='ltr'><strong>ineundi</strong></span> <span class='ocrx_word' id='word_1_38' title='bbox 467 1120 549 1184; x_wconf 89' lang='lat' dir='ltr'><strong>modi</strong></span> <span class='ocrx_word' id='word_1_39' title='bbox 575 1123 726 1184; x_wconf 90' lang='lat' dir='ltr'><strong>oriantur:</strong></span> <span class='ocrx_word' id='word_1_40' title='bbox 752 1124 799 1186; x_wconf 88' lang='lat' dir='ltr'><strong>sic</strong></span> <span class='ocrx_word' id='word_1_41' title='bbox 826 1125 1054 1205; x_wconf 85' lang='lat' dir='ltr'><strong>comparatione</strong></span> <span class='ocrx_word' id='word_1_42' title='bbox 1083 1122 1203 1185; x_wconf 88' lang='lat' dir='ltr'><strong>demum</strong></span> 
     </span>
     <span class='ocr_line' id='line_1_7' title="bbox 165 1226 1202 1310; baseline 0 -20"><span class='ocrx_word' id='word_1_43' title='bbox 165 1228 354 1310; x_wconf 76' lang='lat' dir='ltr'><strong>singularum</strong></span> <span class='ocrx_word' id='word_1_44' title='bbox 370 1227 536 1291; x_wconf 85' lang='lat' dir='ltr'><strong>formarum</strong></span> <span class='ocrx_word' id='word_1_45' title='bbox 548 1228 692 1305; x_wconf 86' lang='lat' dir='ltr'><strong>instituta,</strong></span> <span class='ocrx_word' id='word_1_46' title='bbox 708 1228 832 1291; x_wconf 88' lang='lat' dir='ltr'><strong>historia</strong></span> <span class='ocrx_word' id='word_1_47' title='bbox 841 1230 952 1309; x_wconf 90' lang='lat' dir='ltr'><strong>optima</strong></span> <span class='ocrx_word' id='word_1_48' title='bbox 967 1226 1055 1306; x_wconf 85' lang='lat' dir='ltr'><strong>duee,</strong></span> <span class='ocrx_word' id='word_1_49' title='bbox 1071 1227 1202 1290; x_wconf 88' lang='lat' dir='ltr'><strong>conclu·</strong></span> 
     </span>
     <span class='ocr_line' id='line_1_8' title="bbox 165 1331 1202 1413; baseline 0.003 -20"><span class='ocrx_word' id='word_1_50' title='bbox 165 1331 242 1394; x_wconf 87' lang='lat' dir='ltr'><strong>dere</strong></span> <span class='ocrx_word' id='word_1_51' title='bbox 263 1332 381 1396; x_wconf 84' lang='lat' dir='ltr'><strong>licebit:</strong></span> <span class='ocrx_word' id='word_1_52' title='bbox 410 1349 449 1394; x_wconf 89' lang='lat' dir='ltr'><strong>an</strong></span> <span class='ocrx_word' id='word_1_53' title='bbox 471 1331 568 1411; x_wconf 90' lang='lat' dir='ltr'><strong>aliqua</strong></span> <span class='ocrx_word' id='word_1_54' title='bbox 598 1348 702 1394; x_wconf 84' lang='lat' dir='ltr'><strong>aarum</strong></span> <span class='ocrx_word' id='word_1_55' title='bbox 723 1333 899 1394; x_wconf 86' lang='lat' dir='ltr'><strong>necessaria</strong></span> <span class='ocrx_word' id='word_1_56' title='bbox 921 1334 973 1394; x_wconf 89' lang='lat' dir='ltr'><strong>sit:</strong></span> <span class='ocrx_word' id='word_1_57' title='bbox 1001 1339 1033 1394; x_wconf 88' lang='lat' dir='ltr'><strong>et</strong></span> <span class='ocrx_word' id='word_1_58' title='bbox 1054 1350 1202 1413; x_wconf 89' lang='lat' dir='ltr'><strong>quaenam</strong></span> 
     </span>
     <span class='ocr_line' id='line_1_9' title="bbox 164 1433 1202 1519; baseline -0.001 -20"><span class='ocrx_word' id='word_1_59' title='bbox 164 1437 244 1500; x_wconf 89' lang='lat' dir='ltr'><strong>inter</strong></span> <span class='ocrx_word' id='word_1_60' title='bbox 258 1437 327 1500; x_wconf 87' lang='lat' dir='ltr'><strong>illas</strong></span> <span class='ocrx_word' id='word_1_61' title='bbox 339 1437 607 1519; x_wconf 83' lang='lat' dir='ltr'><strong>praestantissima,</strong></span> <span class='ocrx_word' id='word_1_62' title='bbox 618 1437 789 1519; x_wconf 80' lang='lat' dir='ltr'><strong>generique</strong></span> <span class='ocrx_word' id='word_1_63' title='bbox 802 1433 932 1500; x_wconf 87' lang='lat' dir='ltr'><strong>lrumano</strong></span> <span class='ocrx_word' id='word_1_64' title='bbox 944 1443 975 1500; x_wconf 89' lang='lat' dir='ltr'><strong>et</strong></span> <span class='ocrx_word' id='word_1_65' title='bbox 985 1437 1077 1500; x_wconf 87' lang='lat' dir='ltr'><strong>cultui</strong></span> <span class='ocrx_word' id='word_1_66' title='bbox 1094 1436 1202 1499; x_wconf 86' lang='lat' dir='ltr'><strong>huma-</strong></span> 
     </span>
     <span class='ocr_line' id='line_1_10' title="bbox 163 1538 1203 1623; baseline -0.002 -17"><span class='ocrx_word' id='word_1_67' title='bbox 163 1541 310 1623; x_wconf 86' lang='lat' dir='ltr'><strong>nitatique</strong></span> <span class='ocrx_word' id='word_1_68' title='bbox 332 1542 463 1605; x_wconf 77' lang='lat' dir='ltr'><strong>maxime</strong></span> <span class='ocrx_word' id='word_1_69' title='bbox 484 1541 671 1604; x_wconf 80' lang='lat' dir='ltr'><strong>conveniens</strong></span> <span class='ocrx_word' id='word_1_70' title='bbox 693 1541 799 1603; x_wconf 85' lang='lat' dir='ltr'><strong>haberi</strong></span> <span class='ocrx_word' id='word_1_71' title='bbox 821 1538 942 1604; x_wconf 87' lang='lat' dir='ltr'><strong>debeat.</strong></span> <span class='ocrx_word' id='word_1_72' title='bbox 987 1540 1137 1614; x_wconf 85' lang='lat' dir='ltr'><strong>Quasdam</strong></span> <span class='ocrx_word' id='word_1_73' title='bbox 1161 1559 1203 1604; x_wconf 83' lang='lat' dir='ltr'><strong>ex</strong></span> 
     </span>
     <span class='ocr_line' id='line_1_11' title="bbox 163 1644 1201 1727; baseline -0.001 -19"><span class='ocrx_word' id='word_1_74' title='bbox 163 1646 221 1708; x_wconf 89' lang='lat' dir='ltr'><strong>iltis</strong></span> <span class='ocrx_word' id='word_1_75' title='bbox 237 1645 465 1727; x_wconf 79' lang='lat' dir='ltr'><strong>quaestionibus</strong></span> <span class='ocrx_word' id='word_1_76' title='bbox 485 1644 618 1706; x_wconf 83' lang='lat' dir='ltr'><strong>examini</strong></span> <span class='ocrx_word' id='word_1_77' title='bbox 632 1644 787 1727; x_wconf 87' lang='lat' dir='ltr'><strong>subjicere</strong></span> <span class='ocrx_word' id='word_1_78' title='bbox 803 1662 863 1710; x_wconf 92' lang='lat' dir='ltr'><strong>non</strong></span> <span class='ocrx_word' id='word_1_79' title='bbox 879 1645 983 1708; x_wconf 89' lang='lat' dir='ltr'><strong>inutile</strong></span> <span class='ocrx_word' id='word_1_80' title='bbox 1000 1646 1073 1722; x_wconf 92' lang='lat' dir='ltr'><strong>erit,</strong></span> <span class='ocrx_word' id='word_1_81' title='bbox 1096 1661 1155 1726; x_wconf 90' lang='lat' dir='ltr'><strong>qua</strong></span> <span class='ocrx_word' id='word_1_82' title='bbox 1169 1646 1201 1707; x_wconf 91' lang='lat' dir='ltr'><strong>in</strong></span> 
     </span>
     <span class='ocr_line' id='line_1_12' title="bbox 162 1749 1201 1833; baseline 0.002 -21"><span class='ocrx_word' id='word_1_83' title='bbox 162 1768 198 1812; x_wconf 87' lang='lat' dir='ltr'><strong>re</strong></span> <span class='ocrx_word' id='word_1_84' title='bbox 219 1758 321 1812; x_wconf 87' lang='lat' dir='ltr'><strong>tamen</strong></span> <span class='ocrx_word' id='word_1_85' title='bbox 339 1750 491 1812; x_wconf 70' lang='lat' dir='ltr'><strong>utilitatis</strong></span> <span class='ocrx_word' id='word_1_86' title='bbox 514 1749 616 1830; x_wconf 91' lang='lat' dir='ltr'><strong>potius</strong></span> <span class='ocrx_word' id='word_1_87' title='bbox 638 1752 825 1830; x_wconf 74' lang='lat' dir='ltr'><strong>quamp‘urti</strong></span> <span class='ocrx_word' id='word_1_88' title='bbox 848 1750 1092 1833; x_wconf 71' lang='lat' dir='ltr'><strong>contemplationi</strong></span> <span class='ocrx_word' id='word_1_89' title='bbox 1114 1750 1201 1814; x_wconf 83' lang='lat' dir='ltr'><strong>locus</strong></span> 
     </span>
     <span class='ocr_line' id='line_1_13' title="bbox 163 1854 377 1919; baseline -0.014 0"><span class='ocrx_word' id='word_1_90' title='bbox 163 1872 235 1919; x_wconf 84' lang='lat' dir='ltr'><strong>esso</strong></span> <span class='ocrx_word' id='word_1_91' title='bbox 250 1854 377 1918; x_wconf 87' lang='lat' dir='ltr'><strong>videtur.</strong></span> 
     </span>
    </p>

    <p class='ocr_par' dir='ltr' id='par_1_3' title="bbox 124 1957 1236 3918">
     <span class='ocr_line' id='line_1_14' title="bbox 229 1957 1236 2041; baseline 0.001 -20"><span class='ocrx_word' id='word_1_92' title='bbox 229 1957 303 2021; x_wconf 79' lang='lat' dir='ltr'><strong>tta.</strong></span> <span class='ocrx_word' id='word_1_93' title='bbox 326 1958 441 2032; x_wconf 81' lang='lat' dir='ltr'><strong>Quaeri</strong></span> <span class='ocrx_word' id='word_1_94' title='bbox 455 1958 548 2022; x_wconf 85' lang='lat' dir='ltr'><strong>solet:</strong></span> <span class='ocrx_word' id='word_1_95' title='bbox 563 1975 602 2020; x_wconf 89' lang='lat' dir='ltr'><strong>an</strong></span> <span class='ocrx_word' id='word_1_96' title='bbox 614 1959 793 2022; x_wconf 89' lang='lat' dir='ltr'><strong>matrimonii</strong></span> <span class='ocrx_word' id='word_1_97' title='bbox 809 1959 876 2023; x_wconf 85' lang='lat' dir='ltr'><strong>finis</strong></span> <span class='ocrx_word' id='word_1_98' title='bbox 892 1959 923 2022; x_wconf 88' lang='lat' dir='ltr'><strong>in</strong></span> <span class='ocrx_word' id='word_1_99' title='bbox 939 1958 1105 2024; x_wconf 85' lang='lat' dir='ltr'><strong>liberorum</strong></span> <span class='ocrx_word' id='word_1_100' title='bbox 1122 1977 1201 2041; x_wconf 87' lang='lat' dir='ltr'><strong>pro·</strong></span> <span class='ocrx_word' id='word_1_101' title='bbox 1225 1967 1236 1986; x_wconf 75' lang='grc'><strong>’</strong></span> 
     </span>
     <span class='ocr_line' id='line_1_15' title="bbox 163 2062 1201 2146; baseline 0 -18"><span class='ocrx_word' id='word_1_102' title='bbox 163 2064 320 2128; x_wconf 66' lang='lat' dir='ltr'><strong>meduane</strong></span> <span class='ocrx_word' id='word_1_103' title='bbox 336 2071 368 2126; x_wconf 89' lang='lat' dir='ltr'><strong>et</strong></span> <span class='ocrx_word' id='word_1_104' title='bbox 382 2062 565 2128; x_wconf 80' lang='lat' dir='ltr'><strong>educatione</strong></span> <span class='ocrx_word' id='word_1_105' title='bbox 583 2063 744 2145; x_wconf 89' lang='lat' dir='ltr'><strong>ponendus</strong></span> <span class='ocrx_word' id='word_1_106' title='bbox 763 2064 825 2126; x_wconf 81' lang='lat' dir='ltr'><strong>siti</strong></span> <span class='ocrx_word' id='word_1_107' title='bbox 848 2062 964 2146; x_wconf 79' lang='lat' dir='ltr'><strong>Negari</strong></span> <span class='ocrx_word' id='word_1_108' title='bbox 984 2072 1070 2126; x_wconf 84' lang='lat' dir='ltr'><strong>certa</strong></span> <span class='ocrx_word' id='word_1_109' title='bbox 1086 2066 1201 2146; x_wconf 74' lang='lat' dir='ltr'><strong>nequit,</strong></span> 
     </span>
     <span class='ocr_line' id='line_1_16' title="bbox 162 2167 1201 2254; baseline -0.001 -23"><span class='ocrx_word' id='word_1_110' title='bbox 162 2168 331 2254; x_wconf 73' lang='lat' dir='ltr'><strong>generandi</strong></span> <span class='ocrx_word' id='word_1_111' title='bbox 350 2169 503 2233; x_wconf 90' lang='lat' dir='ltr'><strong>stimulum</strong></span> <span class='ocrx_word' id='word_1_112' title='bbox 523 2168 689 2231; x_wconf 85' lang='lat' dir='ltr'><strong>liberorum</strong></span> <span class='ocrx_word' id='word_1_113' title='bbox 709 2167 972 2249; x_wconf 85' lang='lat' dir='ltr'><strong>procreandorum</strong></span> <span class='ocrx_word' id='word_1_114' title='bbox 995 2185 1087 2232; x_wconf 87' lang='lat' dir='ltr'><strong>eausa</strong></span> <span class='ocrx_word' id='word_1_115' title='bbox 1107 2186 1124 2231; x_wconf 90' lang='lat' dir='ltr'><strong>a</strong></span> <span class='ocrx_word' id='word_1_116' title='bbox 1144 2187 1201 2230; x_wconf 92' lang='lat' dir='ltr'><strong>na-</strong></span> 
     </span>
     <span class='ocr_line' id='line_1_17' title="bbox 162 2270 1201 2336; baseline -0.002 0"><span class='ocrx_word' id='word_1_117' title='bbox 162 2281 230 2336; x_wconf 88' lang='lat' dir='ltr'><strong>tara</strong></span> <span class='ocrx_word' id='word_1_118' title='bbox 245 2272 416 2336; x_wconf 84' lang='lat' dir='ltr'><strong>hominibus</strong></span> <span class='ocrx_word' id='word_1_119' title='bbox 431 2290 503 2336; x_wconf 86' lang='lat' dir='ltr'><strong>esse</strong></span> <span class='ocrx_word' id='word_1_120' title='bbox 513 2271 621 2334; x_wconf 87' lang='lat' dir='ltr'><strong>datum.</strong></span> <span class='ocrx_word' id='word_1_121' title='bbox 643 2270 731 2334; x_wconf 87' lang='lat' dir='ltr'><strong>Sedu</strong></span> <span class='ocrx_word' id='word_1_122' title='bbox 745 2272 900 2336; x_wconf 87' lang='lat' dir='ltr'><strong>volontate</strong></span> <span class='ocrx_word' id='word_1_123' title='bbox 910 2273 1083 2336; x_wconf 73' lang='lat' dir='ltr'><strong>coeuntium</strong></span> <span class='ocrx_word' id='word_1_124' title='bbox 1100 2290 1201 2336; x_wconf 87' lang='lat' dir='ltr'><strong>even-</strong></span> 
     </span>
     <span class='ocr_line' id='line_1_18' title="bbox 162 2374 1199 2458; baseline -0.002 -18"><span class='ocrx_word' id='word_1_125' title='bbox 162 2384 211 2440; x_wconf 86' lang='lat' dir='ltr'><strong>tus</strong></span> <span class='ocrx_word' id='word_1_126' title='bbox 227 2377 280 2439; x_wconf 89' lang='lat' dir='ltr'><strong>ille</strong></span> <span class='ocrx_word' id='word_1_127' title='bbox 294 2395 355 2440; x_wconf 91' lang='lat' dir='ltr'><strong>non</strong></span> <span class='ocrx_word' id='word_1_128' title='bbox 370 2376 497 2458; x_wconf 88' lang='lat' dir='ltr'><strong>pendet:</strong></span> <span class='ocrx_word' id='word_1_129' title='bbox 521 2381 600 2452; x_wconf 88' lang='lat' dir='ltr'><strong>(non</strong></span> <span class='ocrx_word' id='word_1_130' title='bbox 616 2375 696 2438; x_wconf 89' lang='lat' dir='ltr'><strong>enim</strong></span> <span class='ocrx_word' id='word_1_131' title='bbox 711 2377 848 2438; x_wconf 82' lang='lat' dir='ltr'><strong>exomni</strong></span> <span class='ocrx_word' id='word_1_132' title='bbox 863 2374 940 2438; x_wconf 87' lang='lat' dir='ltr'><strong>flore</strong></span> <span class='ocrx_word' id='word_1_133' title='bbox 956 2377 1090 2438; x_wconf 86' lang='lat' dir='ltr'><strong>nascitur</strong></span> <span class='ocrx_word' id='word_1_134' title='bbox 1111 2374 1199 2438; x_wconf 85' lang='lat' dir='ltr'><strong>irue-</strong></span> 
     </span>
     <span class='ocr_line' id='line_1_19' title="bbox 161 2479 1199 2562; baseline -0.003 -17"><span class='ocrx_word' id='word_1_135' title='bbox 161 2487 236 2557; x_wconf 85' lang='lat' dir='ltr'><strong>tus.)</strong></span> <span class='ocrx_word' id='word_1_136' title='bbox 273 2481 431 2562; x_wconf 80' lang='lat' dir='ltr'><strong>Sequitur:</strong></span> <span class='ocrx_word' id='word_1_137' title='bbox 460 2499 521 2544; x_wconf 84' lang='lat' dir='ltr'><strong>uon</strong></span> <span class='ocrx_word' id='word_1_138' title='bbox 542 2481 664 2562; x_wconf 89' lang='lat' dir='ltr'><strong>quidem</strong></span> <span class='ocrx_word' id='word_1_139' title='bbox 688 2479 767 2542; x_wconf 87' lang='lat' dir='ltr'><strong>trane</strong></span> <span class='ocrx_word' id='word_1_140' title='bbox 789 2479 879 2542; x_wconf 90' lang='lat' dir='ltr'><strong>statui</strong></span> <span class='ocrx_word' id='word_1_141' title='bbox 901 2496 995 2560; x_wconf 91' lang='lat' dir='ltr'><strong>posse</strong></span> <span class='ocrx_word' id='word_1_142' title='bbox 1019 2479 1199 2543; x_wconf 90' lang='lat' dir='ltr'><strong>matrimonii</strong></span> 
     </span>
     <span class='ocr_line' id='line_1_20' title="bbox 124 2584 1198 2670; baseline -0.002 -22"><span class='ocrx_word' id='word_1_143' title='bbox 124 2661 128 2670; x_wconf 29' lang='grc' dir='ltr'>Ι</span> <span class='ocrx_word' id='word_1_144' title='bbox 161 2584 1198 2669; x_wconf 69' lang='lat' dir='ltr'><strong>regemnelineriprocreentur‘‚nitritommnsconjugatevinculum</strong></span> 
     </span>
     <span class='ocr_line' id='line_1_21' title="bbox 160 2687 1198 2772; baseline 0 -20"><span class='ocrx_word' id='word_1_145' title='bbox 160 2688 222 2762; x_wconf 89' lang='lat' dir='ltr'><strong>oon</strong></span> <span class='ocrx_word' id='word_1_146' title='bbox 238 2692 338 2753; x_wconf 87' lang='lat' dir='ltr'><strong>miuus</strong></span> <span class='ocrx_word' id='word_1_147' title='bbox 354 2707 425 2752; x_wconf 86' lang='lat' dir='ltr'><strong>esse</strong></span> <span class='ocrx_word' id='word_1_148' title='bbox 441 2691 674 2767; x_wconf 86' lang='lat' dir='ltr'><strong>matrimonium,</strong></span> <span class='ocrx_word' id='word_1_149' title='bbox 693 2690 720 2750; x_wconf 90' lang='lat' dir='ltr'><strong>si</strong></span> <span class='ocrx_word' id='word_1_150' title='bbox 735 2689 818 2752; x_wconf 91' lang='lat' dir='ltr'><strong>nulla</strong></span> <span class='ocrx_word' id='word_1_151' title='bbox 834 2687 923 2752; x_wconf 90' lang='lat' dir='ltr'><strong>detur</strong></span> <span class='ocrx_word' id='word_1_152' title='bbox 939 2691 1119 2772; x_wconf 64' lang='lat' dir='ltr'><strong>progeniem</strong></span> <span class='ocrx_word' id='word_1_153' title='bbox 1140 2688 1198 2752; x_wconf 86' lang='lat' dir='ltr'><strong>hoe</strong></span> 
     </span>
     <span class='ocr_line' id='line_1_22' title="bbox 160 2793 1197 2877; baseline -0.002 -19"><span class='ocrx_word' id='word_1_154' title='bbox 160 2796 241 2858; x_wconf 88' lang='lat' dir='ltr'><strong>enim</strong></span> <span class='ocrx_word' id='word_1_155' title='bbox 257 2796 336 2858; x_wconf 89' lang='lat' dir='ltr'><strong>inter</strong></span> <span class='ocrx_word' id='word_1_156' title='bbox 356 2797 506 2877; x_wconf 76' lang='lat' dir='ltr'><strong>conjuges</strong></span> <span class='ocrx_word' id='word_1_157' title='bbox 525 2811 665 2856; x_wconf 81' lang='lat' dir='ltr'><strong>amorem</strong></span> <span class='ocrx_word' id='word_1_158' title='bbox 684 2809 743 2854; x_wconf 89' lang='lat' dir='ltr'><strong>non</strong></span> <span class='ocrx_word' id='word_1_159' title='bbox 762 2793 854 2871; x_wconf 89' lang='lat' dir='ltr'><strong>tollit,</strong></span> <span class='ocrx_word' id='word_1_160' title='bbox 878 2800 909 2855; x_wconf 89' lang='lat' dir='ltr'><strong>et</strong></span> <span class='ocrx_word' id='word_1_161' title='bbox 929 2793 1024 2876; x_wconf 81' lang='lat' dir='ltr'><strong>vulgo</strong></span> <span class='ocrx_word' id='word_1_162' title='bbox 1047 2793 1077 2855; x_wconf 89' lang='lat' dir='ltr'><strong>id</strong></span> <span class='ocrx_word' id='word_1_163' title='bbox 1098 2795 1197 2876; x_wconf 90' lang='lat' dir='ltr'><strong>ipsum</strong></span> 
     </span>
     <span class='ocr_line' id='line_1_23' title="bbox 159 2897 1197 2976; baseline -0.005 -11"><span class='ocrx_word' id='word_1_164' title='bbox 159 2901 308 2964; x_wconf 84' lang='lat' dir='ltr'><strong>incertum</strong></span> <span class='ocrx_word' id='word_1_165' title='bbox 330 2906 378 2961; x_wconf 88' lang='lat' dir='ltr'><strong>est</strong></span> <span class='ocrx_word' id='word_1_166' title='bbox 397 2918 463 2976; x_wconf 82' lang='lat' dir='ltr'><strong>„ott</strong></span> <span class='ocrx_word' id='word_1_167' title='bbox 476 2917 638 2976; x_wconf 73' lang='lat' dir='ltr'><strong>utinquam</strong></span> <span class='ocrx_word' id='word_1_168' title='bbox 653 2901 743 2960; x_wconf 82' lang='lat' dir='ltr'><strong>liceri</strong></span> <span class='ocrx_word' id='word_1_169' title='bbox 756 2899 976 2974; x_wconf 54' lang='lat' dir='ltr'><strong>pronuntiem</strong></span> <span class='ocrx_word' id='word_1_170' title='bbox 1003 2897 1076 2960; x_wconf 88' lang='lat' dir='ltr'><strong>lttod</strong></span> <span class='ocrx_word' id='word_1_171' title='bbox 1098 2905 1197 2969; x_wconf 87' lang='lat' dir='ltr'><strong>tamen</strong></span> 
     </span>
     <span class='ocr_line' id='line_1_24' title="bbox 160 3002 1197 3086; baseline -0.002 -18"><span class='ocrx_word' id='word_1_172' title='bbox 160 3012 289 3082; x_wconf 85' lang='lat' dir='ltr'><strong>constat,</strong></span> <span class='ocrx_word' id='word_1_173' title='bbox 309 3022 377 3067; x_wconf 88' lang='lat' dir='ltr'><strong>eum</strong></span> <span class='ocrx_word' id='word_1_174' title='bbox 394 3021 448 3081; x_wconf 87' lang='lat' dir='ltr'><strong>eo,</strong></span> <span class='ocrx_word' id='word_1_175' title='bbox 469 3020 559 3084; x_wconf 89' lang='lat' dir='ltr'><strong>quem</strong></span> <span class='ocrx_word' id='word_1_176' title='bbox 575 3003 744 3086; x_wconf 80' lang='lat' dir='ltr'><strong>generandi</strong></span> <span class='ocrx_word' id='word_1_177' title='bbox 759 3002 935 3084; x_wconf 89' lang='lat' dir='ltr'><strong>incapacem</strong></span> <span class='ocrx_word' id='word_1_178' title='bbox 951 3019 1022 3066; x_wconf 87' lang='lat' dir='ltr'><strong>essa</strong></span> <span class='ocrx_word' id='word_1_179' title='bbox 1038 3003 1197 3084; x_wconf 89' lang='lat' dir='ltr'><strong>probatum</strong></span> 
     </span>
     <span class='ocr_line' id='line_1_25' title="bbox 159 3107 1196 3190; baseline -0.004 -18"><span class='ocrx_word' id='word_1_180' title='bbox 159 3117 217 3187; x_wconf 83' lang='lat' dir='ltr'><strong>est,</strong></span> <span class='ocrx_word' id='word_1_181' title='bbox 239 3108 355 3172; x_wconf 89' lang='lat' dir='ltr'><strong>utiliter</strong></span> <span class='ocrx_word' id='word_1_182' title='bbox 377 3107 598 3170; x_wconf 87' lang='lat' dir='ltr'><strong>matrimonium</strong></span> <span class='ocrx_word' id='word_1_183' title='bbox 620 3125 681 3170; x_wconf 90' lang='lat' dir='ltr'><strong>non</strong></span> <span class='ocrx_word' id='word_1_184' title='bbox 702 3124 795 3188; x_wconf 89' lang='lat' dir='ltr'><strong>posse</strong></span> <span class='ocrx_word' id='word_1_185' title='bbox 817 3107 900 3185; x_wconf 86' lang='lat' dir='ltr'><strong>iniri,</strong></span> <span class='ocrx_word' id='word_1_186' title='bbox 924 3114 955 3170; x_wconf 89' lang='lat' dir='ltr'><strong>et</strong></span> <span class='ocrx_word' id='word_1_187' title='bbox 975 3107 1013 3170; x_wconf 89' lang='lat' dir='ltr'><strong>ab</strong></span> <span class='ocrx_word' id='word_1_188' title='bbox 1035 3108 1196 3190; x_wconf 81' lang='lat' dir='ltr'><strong>ignorante</strong></span> 
     </span>
     <span class='ocr_line' id='line_1_26' title="bbox 158 3211 1196 3292; baseline 0 -18"><span class='ocrx_word' id='word_1_189' title='bbox 158 3214 262 3276; x_wconf 87' lang='lat' dir='ltr'><strong>initum</strong></span> <span class='ocrx_word' id='word_1_190' title='bbox 277 3212 390 3274; x_wconf 85' lang='lat' dir='ltr'><strong>nullius</strong></span> <span class='ocrx_word' id='word_1_191' title='bbox 405 3228 476 3274; x_wconf 87' lang='lat' dir='ltr'><strong>asse</strong></span> <span class='ocrx_word' id='word_1_192' title='bbox 492 3212 650 3288; x_wconf 85' lang='lat' dir='ltr'><strong>momenti,</strong></span> <span class='ocrx_word' id='word_1_193' title='bbox 666 3211 761 3274; x_wconf 87' lang='lat' dir='ltr'><strong>veluti</strong></span> <span class='ocrx_word' id='word_1_194' title='bbox 777 3229 847 3274; x_wconf 89' lang='lat' dir='ltr'><strong>oum</strong></span> <span class='ocrx_word' id='word_1_195' title='bbox 864 3218 996 3274; x_wconf 89' lang='lat' dir='ltr'><strong>castrato</strong></span> <span class='ocrx_word' id='word_1_196' title='bbox 1011 3211 1196 3292; x_wconf 90' lang='lat' dir='ltr'><strong>spadoneve.</strong></span> 
     </span>
     <span class='ocr_line' id='line_1_27' title="bbox 158 3313 1196 3398; baseline 0 -20"><span class='ocrx_word' id='word_1_197' title='bbox 158 3315 300 3380; x_wconf 82' lang='lat' dir='ltr'><strong>Attamen</strong></span> <span class='ocrx_word' id='word_1_198' title='bbox 322 3317 399 3379; x_wconf 85' lang='lat' dir='ltr'><strong>haee</strong></span> <span class='ocrx_word' id='word_1_199' title='bbox 418 3315 516 3379; x_wconf 89' lang='lat' dir='ltr'><strong>omnia</strong></span> <span class='ocrx_word' id='word_1_200' title='bbox 537 3316 659 3398; x_wconf 80' lang='lat' dir='ltr'><strong>legibus</strong></span> <span class='ocrx_word' id='word_1_201' title='bbox 675 3323 710 3378; x_wconf 87' lang='lat' dir='ltr'><strong>et</strong></span> <span class='ocrx_word' id='word_1_202' title='bbox 726 3315 861 3378; x_wconf 89' lang='lat' dir='ltr'><strong>moribus</strong></span> <span class='ocrx_word' id='word_1_203' title='bbox 879 3317 1013 3378; x_wconf 88' lang='lat' dir='ltr'><strong>curatius</strong></span> <span class='ocrx_word' id='word_1_204' title='bbox 1028 3333 1100 3378; x_wconf 89' lang='lat' dir='ltr'><strong>esse</strong></span> <span class='ocrx_word' id='word_1_205' title='bbox 1116 3313 1196 3378; x_wconf 63' lang='lat' dir='ltr'><strong>ueta</strong></span> 
     </span>
     <span class='ocr_line' id='line_1_28' title="bbox 156 3418 1197 3500; baseline 0 -16"><span class='ocrx_word' id='word_1_206' title='bbox 156 3422 284 3498; x_wconf 82' lang='lat' dir='ltr'><strong>cienda,</strong></span> <span class='ocrx_word' id='word_1_207' title='bbox 304 3422 359 3484; x_wconf 80' lang='lat' dir='ltr'><strong>vix</strong></span> <span class='ocrx_word' id='word_1_208' title='bbox 373 3429 420 3483; x_wconf 89' lang='lat' dir='ltr'><strong>est</strong></span> <span class='ocrx_word' id='word_1_209' title='bbox 436 3428 469 3483; x_wconf 91' lang='lat' dir='ltr'><strong>ut</strong></span> <span class='ocrx_word' id='word_1_210' title='bbox 488 3436 663 3483; x_wconf 86' lang='lat' dir='ltr'><strong>moneamus</strong></span> <span class='ocrx_word' id='word_1_211' title='bbox 681 3418 720 3494; x_wconf 85' lang='lat'><strong>¹).</strong></span> <span class='ocrx_word' id='word_1_212' title='bbox 750 3419 831 3482; x_wconf 91' lang='lat' dir='ltr'><strong>ldale</strong></span> <span class='ocrx_word' id='word_1_213' title='bbox 854 3427 953 3482; x_wconf 13' lang='lat' dir='ltr'><strong>manen</strong></span> <span class='ocrx_word' id='word_1_214' title='bbox 974 3419 1093 3500; x_wconf 90' lang='lat' dir='ltr'><strong>quidam</strong></span> <span class='ocrx_word' id='word_1_215' title='bbox 1116 3419 1197 3484; x_wconf 62' lang='lat' dir='ltr'><strong>deli-⁶</strong></span> 
     </span>
     <span class='ocr_line' id='line_1_29' title="bbox 155 3523 1196 3601; baseline -0.001 -13"><span class='ocrx_word' id='word_1_216' title='bbox 155 3523 289 3601; x_wconf 74' lang='lat' dir='ltr'><strong>niunt‘)</strong></span> <span class='ocrx_word' id='word_1_217' title='bbox 312 3525 532 3588; x_wconf 85' lang='lat' dir='ltr'><strong>matrimonium</strong></span> <span class='ocrx_word' id='word_1_218' title='bbox 556 3542 628 3588; x_wconf 88' lang='lat' dir='ltr'><strong>esse</strong></span> <span class='ocrx_word' id='word_1_219' title='bbox 655 3526 832 3588; x_wconf 89' lang='lat' dir='ltr'><strong>societatem</strong></span> <span class='ocrx_word' id='word_1_220' title='bbox 861 3524 940 3586; x_wconf 87' lang='lat' dir='ltr'><strong>iuter</strong></span> <span class='ocrx_word' id='word_1_221' title='bbox 962 3524 1076 3586; x_wconf 87' lang='lat' dir='ltr'><strong>diversi</strong></span> <span class='ocrx_word' id='word_1_222' title='bbox 1099 3539 1196 3587; x_wconf 85' lang='lat' dir='ltr'><strong>sexus</strong></span> 
     </span>
     <span class='ocr_line' id='line_1_30' title="bbox 155 3627 1195 3711; baseline -0.002 -19"><span class='ocrx_word' id='word_1_223' title='bbox 155 3647 305 3711; x_wconf 87' lang='lat' dir='ltr'><strong>personas</strong></span> <span class='ocrx_word' id='word_1_224' title='bbox 314 3629 353 3692; x_wconf 90' lang='lat' dir='ltr'><strong>ad</strong></span> <span class='ocrx_word' id='word_1_225' title='bbox 362 3631 534 3695; x_wconf 88' lang='lat' dir='ltr'><strong>instinctum</strong></span> <span class='ocrx_word' id='word_1_226' title='bbox 549 3630 709 3694; x_wconf 81' lang='lat' dir='ltr'><strong>serualem</strong></span> <span class='ocrx_word' id='word_1_227' title='bbox 724 3630 851 3693; x_wconf 81' lang='lat' dir='ltr'><strong>natauali</strong></span> <span class='ocrx_word' id='word_1_228' title='bbox 867 3627 957 3692; x_wconf 92' lang='lat' dir='ltr'><strong>modo</strong></span> <span class='ocrx_word' id='word_1_229' title='bbox 972 3636 1005 3690; x_wconf 87' lang='lat' dir='ltr'><strong>et</strong></span> <span class='ocrx_word' id='word_1_230' title='bbox 1018 3629 1098 3692; x_wconf 88' lang='lat' dir='ltr'><strong>inter</strong></span> <span class='ocrx_word' id='word_1_231' title='bbox 1113 3628 1195 3690; x_wconf 89' lang='lat' dir='ltr'><strong>solos</strong></span> 
     </span>
     <span class='ocr_line' id='line_1_31' title="bbox 156 3731 1195 3818; baseline -0.002 -22"><span class='ocrx_word' id='word_1_232' title='bbox 156 3737 307 3818; x_wconf 78' lang='lat' dir='ltr'><strong>conjuges</strong></span> <span class='ocrx_word' id='word_1_233' title='bbox 328 3734 523 3816; x_wconf 86' lang='lat' dir='ltr'><strong>explendum.</strong></span> <span class='ocrx_word' id='word_1_234' title='bbox 554 3733 656 3796; x_wconf 87' lang='lat' dir='ltr'><strong>Talem</strong></span> <span class='ocrx_word' id='word_1_235' title='bbox 676 3736 756 3796; x_wconf 88' lang='lat' dir='ltr'><strong>enirn</strong></span> <span class='ocrx_word' id='word_1_236' title='bbox 776 3733 1034 3798; x_wconf 80' lang='lat' dir='ltr'><strong>consociationem</strong></span> <span class='ocrx_word' id='word_1_237' title='bbox 1058 3731 1195 3815; x_wconf 79' lang='lat' dir='ltr'><strong>dignitati</strong></span> 
     </span>
     <span class='ocr_line' id='line_1_32' title="bbox 155 3833 1194 3918; baseline -0.004 -18"><span class='ocrx_word' id='word_1_238' title='bbox 155 3838 306 3902; x_wconf 81' lang='lat' dir='ltr'><strong>humanae</strong></span> <span class='ocrx_word' id='word_1_239' title='bbox 322 3840 503 3902; x_wconf 86' lang='lat' dir='ltr'><strong>contrariam</strong></span> <span class='ocrx_word' id='word_1_240' title='bbox 519 3856 589 3902; x_wconf 85' lang='lat' dir='ltr'><strong>esse</strong></span> <span class='ocrx_word' id='word_1_241' title='bbox 605 3840 778 3902; x_wconf 89' lang='lat' dir='ltr'><strong>rectissime</strong></span> <span class='ocrx_word' id='word_1_242' title='bbox 795 3837 871 3900; x_wconf 84' lang='lat' dir='ltr'><strong>dixit</strong></span> <span class='ocrx_word' id='word_1_243' title='bbox 886 3837 1018 3901; x_wconf 85' lang='lat' dir='ltr'><strong>llausius</strong></span> <span class='ocrx_word' id='word_1_244' title='bbox 1039 3840 1085 3918; x_wconf 86' lang='lat' dir='ltr'><strong>(p.</strong></span> <span class='ocrx_word' id='word_1_245' title='bbox 1101 3833 1194 3912; x_wconf 84' lang='lat'>305.)</span> 
     </span>
    </p>
   </div>
   <div class='ocr_carea' id='block_1_3' title="bbox 210 4081 608 4235">
    <p class='ocr_par' dir='ltr' id='par_1_4' title="bbox 210 4081 608 4235">
     <span class='ocr_line' id='line_1_33' title="bbox 210 4081 492 4147; baseline 0.004 -16"><span class='ocrx_word' id='word_1_246' title='bbox 210 4082 236 4146; x_wconf 92' lang='lat'><strong>1)</strong></span> <span class='ocrx_word' id='word_1_247' title='bbox 254 4081 370 4147; x_wconf 76' lang='lat' dir='ltr'><strong>Hugo,</strong></span> <span class='ocrx_word' id='word_1_248' title='bbox 388 4083 412 4144; x_wconf 62' lang='lat'><strong>§0</strong></span> <span class='ocrx_word' id='word_1_249' title='bbox 432 4083 492 4133; x_wconf 73' lang='lat'><strong>238.</strong></span> 
     </span>
     <span class='ocr_line' id='line_1_34' title="bbox 210 4168 608 4235; baseline 0 -17"><span class='ocrx_word' id='word_1_250' title='bbox 210 4168 238 4234; x_wconf 76' lang='grc'><strong>2)</strong></span> <span class='ocrx_word' id='word_1_251' title='bbox 256 4168 360 4232; x_wconf 82' lang='lat' dir='ltr'><strong>Rani,</strong></span> <span class='ocrx_word' id='word_1_252' title='bbox 378 4182 440 4235; x_wconf 71' lang='lat' dir='ltr'><strong>pag.</strong></span> <span class='ocrx_word' id='word_1_253' title='bbox 461 4168 608 4220; x_wconf 74' lang='lat' dir='ltr'><strong>lot-109.</strong></span> 
     </span>
    </p>
   </div>
   <div class='ocr_carea' id='block_1_4' title="bbox 0 0 1560 5292">
    <p class='ocr_par' dir='ltr' id='par_1_5' title="bbox 0 0 1560 5292">
     <span class='ocr_line' id='line_1_35' title="bbox 0 0 1560 5292; baseline 0 4"><span class='ocrx_word' id='word_1_254' title='bbox 0 0 1560 5292; x_wconf 95' lang='lat' dir='ltr'><strong> </strong></span> 
     </span>
    </p>
   </div>
  </div>
 </body>
</html>
