3109 5292
655 535 717 600 tot

171 733 251 792 porr
270 718 437 780 manbre.“
479 715 539 790 Oai
560 716 687 784 alterius
715 715 969 780 existimationem
993 720 1115 799 marat,
1135 715 1204 796 ipse

172 819 288 882 infamis
304 819 344 884 fit
368 819 433 882 Nec
443 823 524 904 justa
538 821 668 885 babetur
681 839 794 903 poena,
809 822 868 884 nisi
881 839 959 902 quae
975 839 1071 903 aequa
1087 822 1125 884 sit
1140 819 1204 883 eri-

171 926 241 988 miui
260 933 446 1008 perpetrato.
486 925 562 991 Cum
582 944 736 990 veronen
751 943 824 990 raro
838 926 1002 990 barbarum
1018 934 1049 989 et
1062 925 1205 988 inhuma-

172 1047 240 1093 num
262 1031 304 1094 sit
324 1048 452 1111 poenam
474 1032 594 1095 olienis
616 1032 775 1114 infligere,
801 1039 833 1094 et
847 1030 1006 1112 aliquando
1026 1031 1057 1094 id
1073 1049 1112 1094 ne
1128 1030 1206 1092 cilici

171 1134 290 1216 qudem
306 1136 415 1216 possit,
429 1137 550 1200 talionis
566 1138 635 1201 loco
650 1137 709 1200 alia
727 1155 826 1218 poena
842 1137 996 1212 statuitur3
1019 1137 1109 1200 immo
1126 1133 1207 1217 apud

171 1238 317 1320 quosdam
327 1241 458 1321 populos
468 1242 665 1322 pecuniariae
675 1243 909 1325 compositiones
920 1243 1112 1306 introductae
1126 1247 1207 1318 sunt,

171 1344 278 1426 quibos
294 1363 367 1408 reus
384 1346 472 1425 quasi
490 1345 644 1410 redimere
667 1365 739 1410 sese
759 1347 864 1428 possit.
896 1346 1031 1410 Solvitur
1047 1347 1152 1424 etiam,
1176 1351 1209 1410 ut

171 1465 264 1529 supra
276 1451 339 1531 jam
353 1448 484 1513 diximus
496 1456 545 1524 (s.
553 1449 623 1526 68.)
636 1452 748 1517 mulcta
761 1449 923 1532 quaedam,
939 1450 1122 1531 praesertim
1139 1467 1208 1512 cum

172 1551 303 1633 dignitas
318 1553 446 1618 alterius
461 1554 544 1618 laesa
559 1557 612 1631 sit3
633 1573 732 1636 eaque
746 1572 804 1636 pro
820 1557 908 1638 signo
924 1554 1062 1632 habetor,
1079 1553 1208 1635 aliquem

172 1655 259 1721 alteri
278 1657 418 1738 iujuriam
439 1657 586 1722 intulisse.
623 1659 699 1722 lure
715 1658 835 1722 talionis
857 1659 950 1742 igitur
969 1661 1091 1740 punitur
1111 1659 1209 1734 ,marin

170 1770 335 1838 macetum
350 1766 436 1838 est,·“
457 1781 536 1844 quae
555 1772 657 1827 autem
672 1781 791 1845 poenae
807 1764 994 1841 sanciuntur,
1010 1770 1043 1826 ot
1058 1763 1094 1830 iis
1111 1781 1128 1824 a
1144 1763 1209 1825 cri·

130 1870 133 1876 “
172 1867 300 1929 minibus
318 1875 482 1930 arceantur
496 1870 645 1946 homines,
667 1885 705 1930 eo
720 1867 847 1930 consilio
868 1873 1039 1930 statuuntur
1059 1885 1121 1941 „ne
1135 1884 1209 1942 pee-

172 1975 295 2034 cenae
334 1972 398 2036 llae
427 1990 548 2054 poenae
572 1991 632 2036 non
656 1991 729 2036 raro
747 1973 871 2035 strictae
891 1973 971 2054 juris
998 1973 1107 2035 rationi
1131 1989 1211 2034 coa-

173 2083 338 2142 sentaneae
358 2095 421 2140 uon
441 2086 530 2155 sunt,
551 2078 607 2140 sed
623 2079 793 2160 graviores.
831 2076 896 2138 Hoc
912 2076 978 2140 beri
994 2075 1075 2138 solet
1088 2073 1210 2158 quando

172 2182 273 2244 mitior
293 2200 392 2265 poena
414 2199 475 2245 uon
497 2182 604 2246 subicit
625 2181 664 2244 ad
685 2179 883 2262 repellendos
909 2179 1089 2244 audaciores
1114 2179 1211 2242 ade-

173 2284 268 2364 liotis,
297 2304 376 2368 quae
399 2287 511 2351 crebro
539 2295 590 2350 aut
613 2285 705 2348 facile
732 2285 967 2348 committuntur.
1008 2283 1073 2348 Sed·
1092 2285 1211 2348 nonnbi

173 2389 328 2472 flagitante
343 2391 528 2455 necessitate
544 2409 603 2455 nec
618 2390 714 2454 subus
735 2389 870 2452 utilitatis
886 2389 984 2471 gratia
1000 2405 1017 2450 a
1029 2389 1113 2469 justo
1129 2405 1211 2470 poe-

172 2514 281 2559 narum
301 2495 389 2560 modo
404 2495 611 2559 recedendum
627 2512 698 2558 esse
713 2493 904 2558 manifestum
920 2501 976 2556 est.
1017 2491 1165 2574 Superest
1179 2500 1212 2556 ut

121 2669 123 2673 ,
173 2618 365 2679 moneamus,
389 2600 551 2682 aliquando
573 2617 688 2682 poenas
710 2597 904 2680 benignitatis
926 2597 1045 2660 ratione
1069 2614 1106 2659 eo
1132 2615 1210 2662 eon·

172 2705 240 2770 silio
262 2706 375 2789 indigi,
395 2714 430 2769 ut
449 2705 587 2770 homiues
607 2722 666 2786 per
686 2720 740 2766 eas
762 2701 800 2764 ad
825 2701 969 2764 meliores
992 2717 1095 2764 mores
1120 2701 1210 2767 etad

173 2809 251 2874 ritae
273 2811 464 2876 honestatem
484 2808 692 2887 reducantur,
716 2825 779 2889 quo
801 2823 875 2870 casu
895 2804 1116 2871 moderatiores
1139 2823 1210 2870 esse

164 2903 299 2978 solent

238 3021 357 3094 Quibus
373 3038 415 3082 ex
427 3020 565 3083 omnibus
575 3020 711 3102 perspici
728 3026 839 3100 potest,
854 3035 1022 3099 poenarum
1034 3017 1208 3082 sanctiones

171 3125 281 3206 triplici
297 3124 494 3189 fondamento
506 3125 574 3186 niti:
591 3131 644 3186 ant
652 3124 780 3205 justitia,
796 3130 849 3186 aut
860 3121 930 3186 boni
942 3123 1057 3204 publici
1072 3130 1210 3186 conmm-

172 3229 323 3310 plutiano,
338 3237 393 3293 aut
406 3231 437 3292 iu
453 3228 643 3293 facinerosos
658 3228 847 3309 benignitate
863 3245 920 3294 seu
935 3225 1152 3292 adserieordia.

240 3331 316 3398 tea.
343 3333 443 3398 Debet
467 3350 562 3416 porro
586 3351 734 3396 summum
761 3331 922 3413 imperium
948 3347 1077 3410 curare,
1107 3339 1140 3395 ut
1158 3334 1210 3414 jus

171 3456 261 3505 soum
277 3440 391 3520 cuique
405 3440 566 3515 tribuatur,
581 3439 640 3500 ie.
655 3445 689 3500 ut
704 3437 742 3515 ei,
759 3437 812 3516 qui
823 3437 904 3519 juris
919 3435 1086 3498 laesionem
1101 3451 1210 3518 passus

172 3552 235 3622 est,
257 3552 467 3608 succurratur.
505 3543 570 3607 lloc
585 3542 620 3604 iit
633 3541 773 3625 cogendo
789 3559 875 3604 reum
892 3539 930 3603 ad
946 3541 1100 3622 injuriam,
1122 3559 1210 3620 mnam

171 3647 222 3714 atii
233 3649 346 3727 intralit,
361 3648 560 3730 reparandam
573 3657 625 3712 aot
638 3649 788 3711 solutione
801 3654 852 3709 aut
862 3645 961 3708 damni
973 3645 1210 3708 aestimationem

171 3751 369 3834 praestando.
386 3751 615 3816 Constituantur
625 3753 729 3832 itaque
741 3751 946 3832 magistratus,
960 3765 1089 3828 quorum
1103 3767 1210 3814 munau

172 3865 229 3936 est,
244 3865 280 3921 ot
298 3874 387 3922 suom
403 3857 515 3938 coique
529 3856 621 3920 tribui
631 3856 765 3940 jubeant
795 3852 883 3927 Quod
897 3860 931 3916 ot
946 3853 1068 3916 effluere
1084 3853 1209 3934 possint,

170 3981 307 4028 necesse
323 3972 384 4026 est:

237 4068 373 4132 Primum
403 4085 460 4131 eos
490 4067 604 4130 babere
636 4070 820 4147 potestatem
847 4061 1054 4147 cognoscendi
1086 4069 1118 4124 et
1146 4070 1209 4126 sta·-

171 4174 294 4241 tuenda
314 4192 354 4238 an
369 4174 502 4256 ordpiam
512 4174 566 4255 jus
581 4170 781 4254 denegatum,
803 4169 853 4236 vel
873 4167 984 4252 iniuria
1000 4168 1082 4235 illata
1096 4167 1137 4233 sit
1151 4185 1209 4235 uae

216 4293 401 4346 wirntonis,
416 4292 608 4347 pauoctaaaa
623 4292 657 4336 aa
667 4293 687 4333 a.
956 4272 995 4337 ll
1274 4273 1277 4278 '
