3109 5292
657 523 721 594 ist

131 764 133 767 .
161 704 201 772 at
214 707 286 772 illos
300 705 440 785 modos,
456 704 642 787 educandos
657 705 851 772 erudiendos.
873 706 976 782 Qatre
991 705 1201 770 etliberoruot

163 811 303 879 nuato
318 830 378 875 oon
394 812 544 875 immerito
554 812 635 895 J'oris
649 813 795 876 naturalis
812 831 883 876 esso
898 811 1017 874 dicitur.
1047 809 1080 872 la
1094 817 1201 874 tenera

164 925 266 981 aetate
281 925 378 981 meter
393 917 588 999 praecipuam
603 913 759 980 infantium
775 916 1036 997 coram-suscipit,
1056 931 1148 995 quae,
1168 919 1202 978 ot

59 1088 62 1093 ,
163 1029 273 1085 notura
288 1021 398 1099 mitior,
414 1023 532 1103 majore
548 1022 578 1083 io
594 1036 650 1083 eos
665 1019 807 1084 incitatur
823 1022 935 1085 amoris
951 1018 1079 1084 stimulo.
1109 1016 1201 1080 Ado·

162 1126 334 1189 lescentum
348 1143 451 1188 curam
466 1133 571 1206 patres
586 1123 699 1186 habere
715 1124 830 1203 solent,
852 1126 903 1207 qui
918 1126 949 1186 in
964 1123 1070 1188 liberis
1091 1121 1201 1184 adultis

164 1231 245 1295 ritae
260 1230 361 1294 wcios
371 1238 402 1292 et
415 1229 532 1293 amicos
547 1228 604 1291 sibi
619 1226 759 1291 clocam.
784 1229 849 1292 Hoc
864 1227 1001 1292 naturale
1017 1242 1125 1290 munos
1141 1243 1202 1288 cx·

164 1335 246 1398 culto
265 1334 344 1398 ratio
363 1342 503 1415 tanquam
523 1333 651 1396 officium
676 1333 843 1414 praecipit,
866 1332 997 1412 ideoque
1018 1329 1154 1393 moribus
1167 1335 1202 1391 ct

65 1494 67 1502 ,
163 1439 289 1523 legibus
309 1439 439 1506 omnium
461 1436 641 1520 populorum
664 1436 780 1501 liberos
801 1439 900 1502 alendi
921 1446 953 1500 et
973 1435 1123 1500 edocendi
1139 1453 1201 1498 ne-

153 1544 309 1623 cessitas,
332 1552 472 1623 tanquam
501 1541 640 1604 naurralc
661 1541 790 1606 officium
818 1542 993 1622 parentibus
1019 1539 1200 1623 injungitur,

163 1646 244 1728 quod
269 1646 309 1708 de
324 1649 396 1729 jure
417 1647 548 1711 naturali
567 1648 737 1728 scriptores
753 1647 839 1710 velut
854 1663 872 1710 a
887 1647 983 1728 priori
1008 1646 1199 1708 constitutum

162 1750 298 1832 probare
312 1749 457 1829 laborant,
473 1751 570 1814 inutili
585 1759 671 1814 certe
685 1750 818 1814 rotiooe:
834 1755 1054 1830 comparentes
1069 1750 1200 1829 perraro

163 1854 243 1918 adeo
258 1855 401 1936 perversi
417 1862 501 1932 sont,
521 1862 555 1916 ot
569 1853 600 1916 td
620 1855 749 1918 officium
769 1853 994 1918 obliviscantur.
1025 1852 1056 1915 ld
1078 1851 1200 1935 legibus

162 1967 266 2024 tamon
275 1957 435 2022 sandriad
446 1957 638 2023 coercendos
651 1977 765 2040 pravos
781 1959 940 2041 impiorum
955 1965 1113 2040 parentum
1128 1973 1198 2018 mo·

162 2081 226 2142 res,
242 2063 475 2127 saluberrimam
491 2071 548 2125 cst
574 2061 624 2125 Αιι
640 2064 730 2126 etiam
744 2063 858 2127 liberos
874 2072 964 2126 extro
978 2061 1220 2126 matrimonium..

162 2170 319 2252 quaesitos
335 2176 421 2250 patcr
436 2169 520 2231 aiere
535 2176 568 2230 et
581 2167 714 2232 educare
730 2176 885 2246 teneatur,
904 2168 990 2230 inter¹
1000 2165 1200 2248 philosophos

162 2291 223 2335 non
237 2274 336 2335 minos
352 2279 582 2335 controversum
593 2273 832 2354 estquam‘inter
843 2272 1080 2355 jurisconsultos
1088 2277 1119 2332 ct
1133 2270 1200 2352 ipsa

163 2375 336 2445 affirmanda
354 2377 434 2459 poris
453 2377 592 2457 quaestio
608 2394 679 2440 csse
694 2375 826 2440 videtur.
857 2375 895 2438 Ut
914 2375 1090 2458 parentibus
1111 2390 1199 2438 amo*

162 2483 408 2559 semicoctas,
432 2481 474 2542 ita
494 2481 599 2543 liberis
624 2483 655 2543 in
677 2489 820 2563 parentes
844 2482 985 2562 pietatem
1009 2479 1200 2562 ingeneravit

161 2595 283 2666 natum
306 2605 367 2668 quo
381 2588 555 2649 reverentia
570 2588 601 2648 itt
615 2603 671 2649 eos
687 2595 719 2648 ct
732 2585 906 2648 obedientia
921 2585 1065 2647 nituntur.
1096 2583 1199 2663 irnpe-

162 2692 242 2756 riam
257 2691 458 2754 domesticum
473 2691 575 2771 itaque
591 2698 623 2752 et
636 2697 796 2772 parentum
813 2689 843 2751 io
858 2689 974 2752 liberos
989 2693 1124 2767 potestas
1139 2703 1200 2748 nc·

160 2804 251 2861 turae
274 2813 398 2876 quoque
422 2811 501 2876 opus
523 2801 584 2856 est:
608 2811 699 2874 quom
720 2792 875 2855 firmantes
899 2792 1002 2875 legum
1024 2790 1200 2853 conditores

160 2900 262 2983 potios
278 2898 562 2980 comprobaverunt,
583 2915 671 2978 quam
687 2898 891 2962 instituerunt
921 2895 1013 2958 llario
1035 2901 1136 2958 tamea
1153 2901 1200 2962 est
1299 2923 1301 2932 ·

161 3003 210 3088 ris
224 3010 256 3066 et
270 3003 398 3065 ambitis
413 3001 504 3085 hoJos
519 3002 692 3083 potestatis3
715 3018 796 3082 quae
816 2998 984 3063 secondom
1005 3014 1106 3062 mores
1126 2998 1200 3080 pla-

160 3109 308 3170 rimorum
334 3107 520 3188 populorum
542 3105 728 3186 ³praesertim
751 3107 840 3181 patri
861 3111 895 3166 ut
915 3102 1047 3166 familiae
1072 3101 1200 3184 principi

161 3226 309 3273 concessa
327 3217 383 3273 cst
407 3209 498 3272 Satis
512 3209 630 3272 inutile
658 3211 817 3290 negotium
843 3225 913 3270 esse
937 3206 1058 3270 videtur
1085 3205 1201 3286 patriae

162 3315 324 3397 potestatis
345 3313 479 3376 indolem
505 3331 524 3375 e
548 3312 767 3394 philosophicis
791 3312 1000 3374 demonstrare
1023 3309 1201 3373 rationibus:

161 3419 303 3501 quoniam
318 3410 497 3482 universum
513 3415 644 3480 familiae
659 3416 798 3500 regimen
816 3434 883 3478 com
898 3432 1013 3478 morum
1030 3413 1201 3481 conditione

161 3523 362 3586 cretaceum
378 3521 591 3584 constipatione
606 3521 744 3602 cujusvis
758 3521 863 3601 populi
883 3521 986 3582 intima
1008 3519 1201 3601 conjunctum

162 3641 234 3691 csse
255 3626 343 3689 solet
356 3624 518 3707 aliquando
534 3627 584 3707 jus
607 3624 736 3704 patrium
757 3624 888 3688 libertati
908 3624 982 3686 utile
1004 3629 1036 3684 et
1054 3622 1096 3684 nil
1119 3619 1200 3684 aliod

161 3731 219 3794 nisi
240 3730 379 3794 tutelaris
398 3736 537 3811 potcstcs
559 3736 623 3805 cst,
648 3734 689 3790 ut
706 3729 867 3788 Manciam
884 3727 965 3808 apud
988 3725 1156 3788 Germanos
1172 3731 1215 3787 et·

160 3833 258 3915 patria
279 3840 414 3915 potestas
439 3833 518 3915 apud
542 3833 675 3915 populos
697 3832 841 3914 Europae
866 3830 1015 3914 plurimos
1043 3830 1201 3892 recentio-

159 3955 228 4001 res:
260 3938 425 4019 aliquando
451 3936 542 4000 liberi
572 3954 678 4020 parum
701 3958 718 4001 a
741 3937 840 4000 servis
871 3935 1027 4012 differunt,
1057 3942 1091 3997 ut
1120 3934 1201 3996 anti·-

160 4041 308 4123 qoissiroo
319 4044 390 4124 jure
405 4041 548 4104 Romano.
580 4041 648 4114 Quo
662 4043 759 4124 major
775 4049 822 4104 est
837 4040 917 4123 apud
934 4039 1064 4119 aliquam
1077 4045 1201 4122 gentem

161 4143 315 4229 &motis
329 4144 487 4210 humanae
495 4145 672 4210 reverentia
687 4152 719 4208 ct
733 4144 882 4208 libertatis
897 4142 1039 4222 studium,
1050 4158 1088 4205 oo
1103 4142 1201 4210 mioor
