3109 5292
808 563 872 632 loo

321 751 418 824 petat,
435 761 473 807 ιιι
488 750 594 808 contra
608 741 771 824 abquarmo
785 743 855 827 cogi
870 743 1020 825 possit-ad
1035 743 1264 827 paciscendum:
1280 761 1362 824 quae

320 849 360 911 sit
383 850 430 911 vis
453 848 613 912 foederum
636 856 668 910 et
690 847 810 929 quando
835 849 873 912 ab
896 849 932 912 iis
955 848 1107 912 recedere
1129 850 1235 912 liceat:
1258 865 1361 928 quao-

319 953 436 1015 stiones
456 961 526 1015 sunt
545 971 586 1014 ex
602 954 674 1034 jure
694 953 830 1034 gentium
850 953 1032 1032 solvendae,
1058 954 1148 1017 simili
1168 955 1303 1030 ratione,
1325 959 1361 1014 ut
1431 996 1434 1000 -

315 1057 387 1136 jure
404 1055 486 1120 civili
501 1056 628 1138 alicujus
643 1057 748 1139 populi
765 1057 803 1120 de
819 1060 1022 1122 contractibus
1045 1059 1240 1139 quaestiones
1257 1055 1360 1119 decidi

319 1159 427 1222 solent.
452 1159 535 1222 ldcm
551 1160 712 1223 dicendum
728 1161 876 1225 demodis
891 1171 922 1225 et
937 1163 1044 1226 formis
1059 1163 1263 1246 negotiorum,
1279 1177 1360 1242 qliae

319 1281 377 1344 per
392 1265 536 1345 epistolas
552 1266 603 1329 rel
619 1285 676 1347 per
691 1266 811 1349 legatos
826 1267 1033 1348 perficiuntur.

387 1367 460 1430 153.
489 1369 536 1432 Ex
556 1370 619 1449 his,
644 1388 723 1449 quae
746 1371 894 1435 bactenus
921 1371 959 1434 de
983 1380 1086 1436 mutuo
1116 1373 1270 1438 civitatum
1287 1371 1362 1452 jure

319 1472 461 1552 diximus,
477 1473 567 1536 facile
583 1483 631 1537 est
645 1474 684 1536 ad
700 1475 948 1558 intelligendum:
974 1495 1051 1557 quae
1067 1495 1173 1540 aarum
1188 1493 1259 1539 sese
1275 1475 1360 1538 invi-

318 1595 387 1640 cem
417 1578 566 1642 tractandi
595 1581 674 1642 ratio
706 1597 777 1642 esse
802 1579 930 1658 debeat,
960 1599 1000 1643 ιιι
1021 1583 1169 1665 justitiam
1193 1578 1360 1642 offendant.

307 1680 470 1754 vQuamdiu
494 1701 565 1746 sese
589 1683 690 1746 debita
713 1685 908 1748 observantia
930 1687 1047 1765 colunt,
1071 1704 1130 1748 nec
1151 1685 1278 1767 injurias
1300 1683 1360 1746 sibi

316 1785 460 1864 inierunt,
476 1787 593 1850 bonore
609 1796 713 1852 mutuo
725 1789 853 1852 illaesae
870 1789 1023 1872 dignitatis
1037 1797 1158 1867 statum,
1174 1787 1310 1850 moribus
1327 1793 1360 1848 et

317 1888 495 1954 foederibus
512 1893 757 1974 comprobatum,
774 1901 905 1956 tuentur.
945 1892 1025 1957 lnter
1040 1893 1199 1975 politiores
1215 1891 1359 1973 populos,

316 1996 497 2076 praesertim
517 1997 549 2057 in
563 1997 686 2077 Europa
707 2006 811 2062 nostra
833 2006 864 2060 et
884 1998 914 2060 in
931 1997 1089 2076 Ameriea,
1107 1999 1170 2080 jam
1191 2013 1249 2078 per-
1268 1995 1359 2076 plura

316 2101 441 2162 saecula
463 2101 700 2164 consuetudines
716 2110 748 2164 et
764 2103 959 2166 ceremoniae
975 2109 1122 2183 receptae
1138 2108 1225 2178 sunt,
1246 2098 1358 2180 quibus

315 2206 492 2267 necessaria
516 2206 750 2268 existimationis
777 2207 924 2288 obsequia
952 2207 1010 2270 sibi
1033 2207 1163 2269 invicem
1188 2211 1358 2286 praestant,

317 2308 461 2388 quamdiu
483 2309 514 2371 in
535 2327 610 2390 pace
634 2318 666 2371 et
685 2311 717 2372 in
740 2313 869 2376 amicitia
892 2312 1006 2375 vivunt.
1047 2310 1153 2374 Solent
1173 2311 1254 2373 enim
1276 2306 1358 2390 apud

317 2429 425 2476 omnes
447 2412 515 2476 lere
541 2421 652 2495 gentes
676 2415 835 2496 politiores
858 2423 889 2479 et
911 2417 1092 2498 praesertim
1117 2415 1195 2498 apud
1223 2399 1363 2496 populos¹

317 2514 506 2581 Christianae
534 2519 677 2600 religioni
703 2520 859 2599 addictos,
891 2521 1077 2602 reliquarum
1101 2521 1237 2603 gentium
1259 2519 1358 2592 leonti

317 2640 492 2704 asuprema
507 2632 658 2705 potestate
677 2624 786 2688 barum
803 2625 901 2703 missi,
922 2625 952 2686 in
968 2625 1046 2688 urbe
1061 2625 1113 2688 ubi
1129 2623 1249 2706 imperii
1264 2621 1356 2684 sedes

317 2735 375 2806 est,
390 2729 509 2806 morari,
527 2735 562 2791 ut
574 2729 713 2809 publicas
725 2730 832 2792 barum
846 2729 997 2792 civitatum
1014 2745 1166 2810 personas
1181 2727 1357 2791 sustineant

317 2832 375 2896 Pro
390 2833 489 2916 gradu
504 2832 668 2916 dignitatis,
685 2852 744 2914 qua
759 2841 920 2912 ornantur,
937 2834 1123 2897 bonoresiis
1138 2832 1307 2908 habentur,
1328 2837 1359 2892 et

316 2937 479 3020 privilegia
499 2937 629 3020 insignia
650 2938 687 2999 iis
707 2939 889 3002 tribuuntur.
926 2939 1003 3000 Dum
1024 2937 1156 3020 negotiis
1177 2953 1253 2998 suae
1275 2933 1355 2996 civi·-

316 3041 387 3102 tatis
402 3057 471 3102 eum
491 3042 588 3104 altera
609 3042 768 3123 republica
783 3043 928 3125 gerendis
943 3050 1101 3124 praesunt,
1126 3041 1215 3104 simul
1231 3045 1355 3100 curant:

317 3150 351 3204 ut
364 3151 471 3206 sancta
485 3145 654 3209 habeantur
664 3147 736 3228 jura
751 3147 895 3225 civitatis,
912 3167 929 3210 a
945 3165 1004 3228 qua
1019 3146 1103 3210 missi
1119 3149 1203 3222 sunt,
1219 3160 1278 3206 nec
1294 3156 1355 3204 nou

312 3249 393 3329 jura,
411 3267 491 3328 quae
506 3250 705 3330 popularibus
720 3251 785 3315 suis
801 3252 832 3313 in
848 3269 885 3314 ea
901 3251 1058 3333 republica
1076 3266 1222 3313 concessa
1239 3252 1318 3310 suut.

384 3351 460 3417 Sunt
480 3354 512 3416 bi
531 3355 625 3438 legati
646 3364 698 3420 aut
721 3356 810 3437 primi
833 3355 963 3434 ordinis,
987 3362 1022 3418 ut
1043 3356 1162 3430 nuntii,
1187 3355 1354 3413 ambassa-

317 3463 419 3535 dores,
429 3466 483 3522 aut
492 3459 658 3539 inferioris,
668 3469 702 3524 ut
712 3462 849 3522 ministri
858 3461 1124 3536 plenipotentorii,
1136 3457 1259 3533 inuicti,
1273 3457 1357 3516 reri·-

316 3568 441 3641 daatea,
458 3551 586 3638 ndentes
601 3567 634 3626 ia
649 3569 759 3640 reboo,
775 3556 934 3638 consules,
950 3570 981 3626 et
996 3563 1047 3644 qui
1062 3570 1135 3626 suut
1148 3561 1269 3641 reliqui.

383 3669 440 3732 lus
459 3670 630 3752 legatorum
651 3687 712 3733 non
732 3671 847 3751 exigua
862 3669 943 3751 Juris
962 3669 1098 3751 gentium
1119 3683 1190 3749 pars
1211 3665 1353 3742 labetur,

318 3782 350 3836 et
373 3774 509 3838 moribus
530 3775 664 3838 omnium
687 3773 755 3836 iere
784 3773 962 3855 populorum
985 3771 1216 3837 accuratissime
1243 3767 1354 3831 delini·

317 3886 379 3942 tum
396 3888 444 3942 est
455 3879 494 3956 ¹).

375 4120 400 4186 l)
419 4120 559 4186 copiosius
570 4121 603 4172 do
613 4135 645 4171 eo
656 4118 793 4186 disputant
802 4119 871 4185 juris
882 4119 1001 4185 gentium
1013 4118 1155 4185 scriptores
1165 4116 1354 4185 procelarioras

319 4211 350 4257 ut
360 4205 461 4272 Vattel,
472 4206 498 4258 le
511 4207 581 4258 droit
592 4207 639 4259 des
651 4223 731 4273 gena,
747 4207 794 4260 lir.
807 4207 853 4260 IV.
870 4205 946 4275 ehap.
959 4207 1065 4260 v-IX.
1089 4206 1245 4268 Mariana,
1255 4204 1353 4271 primae
