3109 5292
666 607 734 676 ’157

181 787 314 852 omnium
324 790 395 872 jura
409 787 522 852 tutiora
536 795 621 867 sunt,
642 805 680 850 eo
694 789 793 871 majus
807 805 845 851 ac
858 784 972 854 firmius
987 785 1094 854 salutis
1108 807 1217 854 eorum

179 893 382 974 pmesidinm;
411 910 507 974 quare
529 901 616 956 recte
637 900 763 956 veteres
787 895 850 976 jam
874 891 1028 973 docuere,
1058 893 1217 962 honesturn

180 1012 290 1060 verum
302 1015 380 1060 ‘esse
393 997 477 1060 utile.

248 1098 282 1164 C.
305 1101 456 1175 Quocirca
472 1102 560 1165 etiam
575 1101 716 1164 civitates
727 1100 841 1183 ubique
854 1109 1005 1168 terrarum
1014 1105 1065 1185 jus
1078 1110 1217 1185 tanquam

178 1221 245 1267 reru
261 1207 480 1268 sanctissimam
495 1206 576 1268 tueri
591 1213 681 1286 atquc
696 1204 865 1270 defendere
881 1206 995 1285 solent,
1017 1223 1119 1289 neque
1133 1211 1218 1281 tapes

178 1311 372 1389 nequeirtrc
393 1311 459 1373 sine
474 1311 629 1373 sanctione
652 1309 882 1390 relinquuntur,
905 1329 943 1374 ne
963 1311 1081 1375 illerum
1105 1312 1217 1376 obser·

178 1413 281 1477 nantia
295 1414 333 1475 ab
351 1415 592 1496 uniuscujusque
605 1413 730 1475 arbitrio
743 1414 884 1494 pendeat
910 1415 968 1488 Qui
989 1417 1028 1478 de
1038 1418 1110 1499 jure
1125 1425 1216 1482 natu·

177 1515 238 1579 rati
257 1517 464 1598 scripserunt,
487 1518 712 1581 recentioribus
734 1520 915 1599 praesertim
937 1520 1138 1602 temporibus,
1160 1537 1216 1586 eos

176 1621 251 1701 justi
266 1620 476 1684 defensionem
491 1622 603 1702 inipso
616 1621 696 1703 juris
711 1623 833 1685 notione
848 1623 952 1686 inesse
968 1624 1091 1688 tradere
1107 1633 1140 1688 et
1154 1625 1214 1689 de-

177 1733 350 1788 monstrare
363 1726 517 1789 studuisse
530 1727 654 1806 saepius
665 1727 850 1788 monuimus:
864 1727 945 1788 omni
959 1729 1039 1790 enim
1050 1729 1121 1811 jure
1135 1747 1215 1792 con·

177 1829 269 1891 tineri
284 1834 447 1892 coercendi
461 1831 634 1893 tenuitatem
649 1828 800 1892 adversus
816 1847 931 1909 omncs,
950 1832 1001 1912 qui
1011 1834 1063 1915 jus
1078 1841 1215 1896 nostruin

176 1932 267 1996 nobis
282 1934 417 1997 tribuere
431 1943 585 1998 recusent.
626 1932 702 1996 Cum
717 1941 830 2012 antem,
846 1943 881 1996 ut
890 1937 952 2018 jam
969 1953 1063 2018 supra
1078 1939 1125 2010 (s
1143 1934 1213 2012 56.)

177 2035 320 2116 diximus,
334 2057 396 2102 non
410 2039 519 2116 solum,
536 2038 618 2120 quod
636 2039 724 2100 nobis
738 2041 854 2121 justum
869 2047 901 2102 et
916 2057 1046 2122 aequum
1061 2040 1213 2121 videatur,

177 2141 348 2207 defendero
363 2143 502 2221 cntueri,
518 2143 651 2223 iniquum
664 2151 765 2206 autem
777 2143 933 2225 repetiere
950 2145 1212 2223 consueverimus,

176 2264 286 2310 verum
306 2249 402 2335 etiam
417 2247 464 2326 td,
483 2248 565 2329 quod
579 2267 597 2311 a
612 2250 730 2312 ratione
749 2265 808 2330 pro
827 2264 917 2325 vero,
939 2248 1020 2311 bono
1040 2254 1131 2329 atque
1147 2248 1213 2314 utili

175 2350 320 2430 habetur,
341 2351 554 2431 defendamus,
574 2351 746 2434 perniciosa
769 2358 801 2414 et
821 2351 896 2414 mela
916 2350 1066 2434 fugiamus
1087 2359 1118 2414 et
1133 2352 1212 2434 reji-

177 2455 308 2517 ciamus:
329 2456 466 2536 sequitur
476 2458 557 2538 juris
572 2438 757 2519 sanctionem
779 2461 871 2534 atque
889 2456 1135 2535 persecutionem
1151 2473 1213 2519 non

176 2557 237 2639 ipsi
247 2559 322 2640 justi
334 2560 449 2621 notioni
460 2559 632 2639 inhaerere,
642 2561 693 2623 vel
706 2559 860 2640 propriam
876 2560 940 2640 ejus
954 2575 1026 2621 esse
1040 2559 1211 2639 sequelam:

176 2661 234 2724 sed
248 2662 443 2725 extrinsecus
455 2663 520 2745 juri
535 2681 606 2726 esse
622 2664 760 2726 additam.
796 2660 872 2725 titud
888 2669 1001 2726 tanturn
1016 2663 1123 2744 quaeri
1138 2670 1211 2743 pot·-

177 2772 239 2828 est:
260 2765 379 2846 qnando
394 2768 477 2850 justa
493 2767 533 2830 sit
547 2767 624 2831 alios
643 2766 777 2850 eogendi
791 2773 926 2848 potestas
945 2783 1003 2848 pro
1020 2766 1100 2849 juris
1114 2765 1212 2842 nostri

177 2867 358 2934 defensione
373 2869 526 2934 adhibita?

174 2993 183 3004 ¹
219 3045 226 3059 ,
245 2971 318 3038 128.
346 2972 422 3036 Cum
444 2975 538 3057 igitur
559 2973 674 3057 duplex
701 2975 741 3037 sit
758 2973 835 3056 justi
858 2973 960 3049 notio,
983 2973 1080 3038 altera
1104 2970 1212 3052 ethica,

175 3078 273 3142 alteru
283 3080 379 3161 juris,
402 3080 464 3141 ’ue
484 3079 535 3144 vet
552 3080 633 3161 ejus,
653 3078 734 3159 quod
748 3095 790 3140 ex
812 3077 1036 3160 uniuscujusvis
1051 3077 1212 3156 sententia,

174 3189 208 3245 et
222 3183 306 3264 ejus,
327 3181 409 3263 qnod
430 3184 580 3260 communi
596 3182 700 3264 popuii
720 3199 873 3244 consensu
893 3197 950 3262 pro
967 3182 1052 3262 justo
1071 3181 1212 3262 nabetur,

176 3287 285 3367 quaeri
299 3288 431 3368 primum
446 3294 560 3367 potest:
582 3303 620 3348 an
644 3284 784 3368 cogendo
800 3284 944 3365 persequi
963 3283 1050 3347 nobis
1066 3283 1157 3348 liceat
1169 3284 1212 3366 id,

173 3390 258 3471 qnod
272 3392 363 3452 notis
378 3391 453 3454 sotis
465 3392 580 3474 justum
595 3407 666 3452 esse
682 3387 845 3452 videntur?
884 3386 971 3459 Quod
986 3387 1107 3469 quidem
1122 3406 1142 3450 a
1156 3402 1212 3454 ra·

174 3495 261 3558 tione
277 3503 309 3558 et
320 3495 456 3578 justitiae
471 3495 543 3578 tege
558 3495 678 3556 minime
692 3492 827 3574 probari,
842 3493 938 3573 primo
949 3493 1013 3574 jam
1028 3491 1136 3554 intuitu
1152 3509 1212 3573 ap-

175 3606 279 3680 paret:
294 3599 408 3662 nemini
420 3599 502 3660 enim
514 3615 600 3663 snam
614 3595 653 3658 de
664 3598 748 3680 justo
761 3595 942 3659 sententiam
958 3594 1147 3658 dissentienti
1162 3595 1212 3660 aiii

175 3705 310 3786 pervim
324 3704 471 3786 ingerere
485 3701 537 3765 vei
556 3701 721 3765 obtrudere
736 3701 820 3763 lieet
858 3698 957 3762 Adest
971 3699 1052 3760 inter
1071 3715 1141 3776 eos,
1161 3697 1213 3778 qui

175 3808 346 3871 contrarias
361 3805 473 3870 habent
486 3807 525 3869 de
541 3823 580 3869 eo
590 3803 760 3886 opiniones,
775 3803 920 3868 naturalis
934 3800 1083 3882 quaedam
1098 3819 1211 3884 pugna,

174 3928 264 3992 mam
279 3929 340 3974 non
354 3910 385 3973 ui
401 3919 453 3974 aut
466 3909 569 3988 armis,
584 3908 641 3972 sed
653 3907 874 3989 disceptatione
888 3911 919 3969 et
934 3912 1025 3986 paeto
1040 3904 1091 3968 vel
1105 3901 1212 3980 arbitri

172 4017 305 4099 aiicujus
320 4017 487 4095 sententia,
502 4014 657 4078 terminari
671 4014 750 4075 ratio
762 4012 859 4092 jubet

241 4119 276 4183 ln
299 4127 439 4184 extrema
461 4127 576 4184 tantum
600 4117 803 4193 necessitate,
831 4115 850 4176 i.
865 4131 894 4176 e.
915 4131 983 4176 oum
1004 4111 1052 4176 sui
1072 4107 1212 4174 detonsio

173 4240 292 4290 marma
306 4223 361 4288 lex
374 4225 430 4306 sit,
445 4223 484 4288 ad
499 4240 584 4288 arma
598 4218 766 4306 ammonere
777 4219 893 4302 justum
906 4221 970 4298 est3
992 4215 1150 4280 itemcu'n
1163 4213 1212 4282 vir
