3109 5292
813 543 878 612 llo

324 742 390 793 non
401 726 508 812 possit
543 726 628 790 llaee
642 741 720 790 vero
735 725 808 789 laeti
830 723 931 808 potins
952 743 1043 809 mam
1059 726 1138 811 jnris
1152 727 1291 810 quaestio
1308 735 1367 808 est

324 831 496 897 Videndum
519 849 598 896 anne
620 831 702 896 forta
726 849 768 894 ex
787 833 961 913 praeceptis
980 831 1130 896 haetenus
1150 834 1271 898 anobis
1287 851 1366 916 pno-

323 939 429 1021 positis
445 937 543 1019 aliqua
558 938 638 1002 ratio
652 955 710 1020 pro
728 936 942 1002 affirmantium
966 939 1116 1003 sentamia
1133 937 1242 1002 deduci
1258 939 1368 1021 possit-

391 1041 514 1107 Csrtom
525 1051 584 1122 est,
594 1061 674 1123 eom,
687 1044 740 1125 qni
752 1043 842 1105 alteri
852 1060 889 1106 so
899 1047 1047 1104 semrom
1057 1043 1108 1106 val
1119 1044 1281 1116 {naamam
1292 1042 1365 1124 qnid

324 1147 469 1233 promisit,
482 1147 563 1232 notia
576 1148 780 1230 promissione
790 1146 822 1208 in
834 1147 962 1209 alterurn
976 1146 1088 1210 nnllam
1100 1163 1165 1210 rern
1177 1146 1352 1212 transferre
1355 1167 1365 1224 3

326 1251 504 1335 praestandi
533 1253 680 1336 obligatio
703 1252 798 1335 igitur
819 1268 881 1313 non
902 1259 1004 1333 potest
1033 1270 1051 1313 e
1075 1251 1175 1314 damni
1199 1251 1368 1334 reparandi

324 1358 511 1420 necessitate
527 1355 646 1420 deduci
676 1356 737 1420 Sed
755 1355 1027 1439 acciderepotest,
1046 1365 1081 1420 ut
1094 1355 1175 1420 iacta
1191 1357 1367 1439 promissio,

322 1468 434 1538 posteo
454 1463 604 1527 laesionis
623 1479 715 1524 eausa
729 1461 790 1524 liat
826 1458 859 1524 Si
874 1462 953 1524 enim
969 1461 1009 1540 is,
1031 1463 1081 1526 cni
1101 1462 1268 1544 praestatio
1285 1479 1366 1544 pro-

323 1567 415 1630 missa
430 1574 512 1646 eret,
529 1567 779 1644 amovebatur,
795 1571 828 1628 ut
843 1563 955 1646 aliquid
970 1567 1036 1648 ipse
1051 1564 1180 1646 iaceret,
1195 1568 1247 1631 vel
1260 1567 1365 1650 aliquo

324 1670 417 1739 modo
431 1671 470 1733 tle
486 1671 580 1733 rebus
595 1671 661 1734 snis
675 1669 867 1753 disponeres
885 1670 965 1752 quod
981 1689 1042 1734 non
1057 1671 1198 1751 fecisset,
1214 1673 1272 1736 nisi
1288 1689 1365 1755 spe·-

287 1763 290 1766 ’
323 1784 424 1840 meet
436 1775 514 1854 iore,
528 1781 564 1838 nt
576 1775 656 1838 altar
668 1774 861 1856 promissioni
875 1781 981 1853 staret,
995 1783 1110 1840 cartura
1124 1784 1181 1856 est,
1194 1795 1263 1840 anta
1276 1777 1364 1840 darn·

322 1896 394 1944 nam
414 1881 491 1962 pati,
513 1881 541 1943 si
563 1879 640 1943 alter
659 1878 749 1942 libem
770 1878 861 1956 lallit3
884 1882 1050 1957 promissio
1074 1882 1169 1965 igitur
1191 1890 1222 1944 et
1247 1885 1365 1947 smirna

322 1989 548 2064 membranam
559 1987 739 2064 praestatio
752 2003 864 2050 causae
879 1993 950 2050 suot
961 1985 1060 2050 damni
1069 1987 1160 2053 allati
1173 1987 1259 2065 illati,
1272 1986 1364 2051 illeo-

322 2111 383 2174 qae
398 2100 430 2154 et
444 2091 636 2174 obligationis
656 2091 694 2154 ad
717 2091 792 2155 illoti
809 2091 1046 2159 resarciendam.
1082 2077 1152 2166 Quo
1169 2100 1199 2156 et
1213 2095 1363 2174 sequitur,

322 2197 434 2260 nnllam
449 2197 535 2259 nasei
551 2194 668 2258 debere
683 2196 916 2279 obligationem,
938 2198 964 2260 si
979 2198 1020 2276 is,
1041 2198 1090 2260 oni
1106 2199 1269 2279 promissio
1284 2197 1365 2262 laem

324 2308 406 2376 eret,
425 2299 543 2362 nullom
559 2298 774 2362 detrimentum
791 2301 829 2362 ob
847 2302 988 2364 omissam
1005 2303 1237 2383 praestationem
1254 2315 1366 2386 passus

323 2404 371 2467 sit
408 2402 547 2484 Denique
567 2421 637 2466 enni
656 2403 764 2466 melios
785 2407 839 2485 sil,
865 2408 1034 2468 laesionem
1055 2408 1180 2468 omnino
1200 2425 1264 2470 oon
1281 2409 1364 2483 llari,

323 2527 413 2592 qoam
432 2513 559 2584 foetam
575 2511 744 2587 reprimi,
765 2511 912 2596 obligatio
932 2511 1081 2593 promissa
1105 2512 1282 2594 praestandi
1301 2513 1365 2596 jorn

323 2622 393 2696 aste
408 2622 465 2694 ast,
481 2615 601 2697 quoties
617 2613 698 2678 ieeto
713 2623 845 2695 eonstat,
863 2633 931 2680 eum
947 2617 996 2679 oui
1011 2617 1079 2698 quis
1092 2617 1249 2698 promisit,
1264 2633 1363 2700 praa-

324 2718 453 2782 statione
467 2737 528 2782 non
542 2727 663 2798 seeum,
679 2718 820 2784 damnum
835 2739 878 2782 ex
892 2721 1057 2784 omissione
1073 2739 1236 2804 passurum
1253 2735 1334 2786 essa.
1357 2733 1360 2740 ’

389 2823 559 2888 Dicendum
575 2823 668 2907 igitir
682 2824 816 2888 ridetur:
838 2833 927 2907 paota
943 2833 1093 2894 conventa
1109 2823 1262 2890 servanda
1279 2841 1361 2904 esse,

323 2928 443 3011 quoties
457 2946 499 2990 ex
514 2929 734 3009 promissorum
754 2937 906 2993 contemtu
927 2929 1016 2992 altari
1032 2932 1111 3013 juris
1134 2933 1182 2994 stri
1204 2930 1362 2996 diminutio

324 3032 546 3113 probrisoator,
567 3032 661 3112 idone
676 3034 806 3096 maxime
822 3041 910 3112 tune,
935 3051 1004 3096 enm
1019 3035 1062 3113 is,
1078 3035 1130 3116 qni
1145 3035 1234 3098 attari
1249 3035 1362 3118 aliquid

322 3152 360 3198 se
382 3135 521 3198 daturum
540 3136 591 3200 vel
614 3134 766 3200 iacturum
789 3155 860 3200 esse
883 3138 1074 3220 promiserit,
1100 3141 1202 3204 scians
1221 3139 1303 3202 illum
1323 3139 1362 3202 tle

320 3241 391 3322 jore
406 3257 463 3302 sno
478 3248 566 3302 eerto
581 3240 671 3304 modo
685 3241 904 3324 dispositurum
920 3259 1000 3322 esse,
1017 3256 1087 3308 sesa
1104 3244 1362 3325 adstrinxit3nem

324 3350 432 3407 eontra
447 3344 550 3407 exitus
565 3345 733 3426 perieulum
749 3363 819 3408 earn
834 3363 976 3409 securum
992 3347 1154 3429 praestitit,
1175 3339 1362 3414 voluntatem

324 3465 397 3512 sese
410 3447 566 3532 obligandi
581 3449 750 3514 solenniter
766 3449 993 3514 manifestando.
1021 3451 1159 3534 Denique
1174 3453 1363 3536 negotiaori

324 3561 435 3636 potest,
448 3571 554 3616 omnes
565 3555 644 3638 jaris
657 3555 802 3618 terminos
817 3562 919 3618 mutuo
928 3573 1082 3618 consensu
1095 3557 1246 3619 constitui.
1269 3555 1362 3621 Sum-

324 3674 392 3720 mae
406 3675 529 3739 qnoque
544 3657 702 3739 aequitatis
717 3659 840 3722 ratione
853 3659 909 3722 illa·
915 3661 994 3743 juris
1010 3663 1147 3744 gentium
1162 3661 1273 3746 regatila
1287 3661 1363 3726 niti·

323 3771 384 3842 tar,
398 3779 496 3848 grava
509 3779 581 3826 esse
594 3761 683 3825 odem
696 3761 805 3826 fallere
813 3762 854 3841 ι),
870 3763 1000 3846 ideoque
1013 3773 1099 3848 paeta
1112 3767 1178 3829 sine
1195 3765 1271 3830 tlolo
1282 3765 1361 3830 malo

324 3868 473 3933 oonronta
489 3884 561 3931 esso
576 3867 737 3932 servanda

390 3973 500 4056 Neqno
510 3981 610 4038 umen
622 3988 747 4055 sempor
754 3975 827 4058 jura
839 3972 921 4037 oivili
934 3973 1113 4058 populorum
1128 3975 1164 4056 is,
1181 3976 1234 4058 qui
1249 3974 1363 4058 atiqatd

324 4079 483 4165 promisit,
506 4079 626 4143 aetione
641 4078 681 4144 ad
694 4077 770 4142 illati
792 4078 1007 4161 praestandum
1030 4083 1167 4166 cogitur,
1189 4079 1247 4144 sod
1267 4079 1362 4143 certis

382 4223 407 4288 1)
425 4221 527 4288 stabi,
543 4223 811 4290 Raohtsphilosophia
829 4223 891 4276 edit.
906 4223 955 4276 111.
973 4239 999 4292 p.
1012 4227 1072 4274 414.
1151 4229 1154 4234 “
