3109 5292
676 391 747 502 Vt

653 546 772 636 aaa

184 746 246 811 quo
251 730 322 813 jura
329 729 492 804 illotarius
500 730 608 812 poenis
616 736 650 792 et
658 727 885 812 magistrsbbus
895 725 1071 810 disciplinae
1085 727 1227 811 publicae

184 836 413 919 invigilantibus
428 845 482 902 sul
491 833 688 920 juridicundo
702 833 886 916 praepositi,
907 832 979 896 inda
993 835 1049 904 ios
1064 833 1229 896 criminale

188 947 220 1001 es
240 941 373 1016 potitiae
395 957 476 1022 quaa
497 947 608 1004 vocant
627 947 660 1003 et
679 938 720 1002 ‹le
737 936 924 1021 iudiciorum
947 937 1053 1004 ordine
1068 945 1228 1022 etpraec-

189 1042 284 1107 demli
297 1044 414 1106 ratione
428 1044 526 1126 loges

226 1187 235 1212 0
256 1147 333 1212 Cum
348 1148 463 1213 nullum
479 1165 551 1211 esse
567 1147 666 1230 possit
680 1147 839 1229 imperium
855 1147 924 1210 uae
937 1147 1154 1230 boni-s‚quibus
1165 1147 1228 1212 im-

189 1255 358 1336 perantium
373 1255 665 1338 magistratuumque
680 1259 1061 1334 personaesustantsntur,
1071 1259 1103 1315 et
1114 1260 1229 1318 sumtus

188 1360 301 1441 publici
315 1358 399 1438 iant,
413 1358 536 1442 legibus
550 1359 643 1422 malui
657 1357 748 1422 solet:
763 1364 797 1421 ut
811 1356 923 1420 tributa
940 1364 971 1420 et
985 1357 1147 1441 vectigalia
1162 1357 1229 1421 sol-

188 1471 308 1542 vantur,
322 1480 384 1544 quo
399 1471 520 1546 spectat
533 1462 585 1526 illa
597 1463 677 1544 juris
692 1461 805 1543 publici
821 1478 893 1543 pars
908 1477 997 1543 quam
1012 1461 1228 1546 hodiegalliee

188 1569 275 1628 mit
288 1572 344 1628 cca
358 1569 521 1644 panacem
543 1565 730 1649 germanice,
752 1568 894 1629 chaa·
909 1571 974 1628 aad
991 1567 1230 1630 Gameraimltt

176 1672 359 1754 appellauit
382 1688 421 1735 eo
436 1672 504 1736 lisci
518 1671 682 1755 privilegiu
697 1677 730 1734 ct
744 1688 839 1734 onera
855 1677 887 1734 et
899 1671 970 1754 jura
987 1671 1017 1734 ci
1032 1671 1078 1736 rei
1093 1687 1229 1754 praepo-

189 1778 316 1840 sitorum
331 1775 524 1841 deliniuntur.

257 1880 333 1946 Sunt
347 1880 478 1962 denique
493 1881 628 1944 instituta
643 1881 675 1942 in
689 1879 877 1959 civitatibus,
898 1897 978 1962 quae
999 1879 1035 1943 ad
1050 1881 1162 1944 cultum
1178 1879 1229 1944 ‹li-

190 1985 294 2050 riuum
317 1994 349 2048 et
370 2001 423 2048 ras
445 1985 674 2048 ecclesiasticus
698 1984 866 2066 pertinent,
893 1983 930 2048 ad
954 1984 1102 2066 publicam
1125 1984 1229 2067 populi

191 2088 713 2169 educationemiustilutiouemqus,
735 2086 773 2150 acl
797 2105 942 2172 agrorum
967 2089 1123 2170 culturam,
1147 2095 1228 2153 urias

191 2193 333 2277 opificum
348 2201 386 2256 ct
394 2211 461 2257 rem
475 2193 696 2258 mercatoriam.

256 2299 396 2381 Denique
415 2316 477 2362 uon
500 2298 842 2381 praecommonere,
865 2298 1012 2380 quamam
1035 2299 1156 2382 publica
1177 2300 1228 2366 ira-

190 2404 294 2468 slituta
307 2404 482 2468 universam
500 2402 720 2486 rempublicam
739 2411 899 2484 spectare,
922 2405 1070 2485 quaedam
1091 2403 1229 2488 singulas

190 2507 286 2591 regni
295 2507 443 2590 regiones
457 2516 511 2574 aul
523 2507 603 2571 loca
625 2507 794 2589 Praecepta
809 2506 849 2570 dc
863 2507 910 2570 bis
918 2510 1033 2572 sancita
1046 2509 1227 2586 muncia·

189 2629 263 2674 susas
276 2613 420 2682 araim
433 2619 466 2676 cl
479 2631 546 2676 reta
560 2613 781 2690 mannum
794 2612 973 2694 respiciunt

593 2901 747 2954 CAPUT
778 2901 837 2952 11.

445 3047 649 3118 lirnbratic
665 3047 749 3138 juris
770 3048 913 3138 gentium
930 3049 970 3128 ¹).

263 3243 336 3309 14⁵.
358 3243 436 3312 Cum
456 3247 561 3329 populi
584 3247 686 3314 sarim
712 3255 818 3312 terrac
846 3247 990 3330 regiones
1018 3244 1230 3328 inhabitantes,

179 3369 254 3415 non
268 3353 321 3415 uni
335 3368 443 3416 omues
457 3353 586 3433 imperio
601 3352 661 3416 sint
673 3351 800 3431 subditi,
822 3351 877 3414 scd
893 3351 924 3414 in
939 3353 1098 3434 permultis
1119 3353 1231 3417 uritu-

190 3457 272 3520 libus
286 3464 318 3520 ct
331 3457 438 3541 regnis
458 3456 597 3520 discreti:
621 3458 797 3538 (inuritur,
819 3473 966 3538 maenam
985 3457 1230 3522 necessitudines
1247 3487 1253 3494 ·

191 3562 274 3626 inter
288 3563 394 3645 plures
409 3570 518 3645 gentes
532 3561 613 3624 inter
626 3577 663 3624 so
683 3561 800 3624 solutas
820 3577 891 3624 esse
912 3564 1043 3643 possint,
1067 3569 1098 3624 et
1120 3562 1231 3643 quibus

190 3666 381 3747 pou'ssimum
396 3667 514 3750 regulis
528 3683 587 3730 cae
601 3663 720 3729 definiri
734 3664 875 3728 debeam.
904 3665 988 3730 luris
1009 3673 1175 3748 praecepta
1191 3664 1230 3728 ‹lc

191 3769 240 3834 iis
253 3770 533 3836 necessitudinibus
547 3770 639 3835 bodie
648 3771 736 3842 iteris
755 3771 896 3846 omilium
916 3770 967 3834 uel
984 3771 1069 3843 iuris
1084 3771 1230 3833 immam

248 4035 272 4101 l)
291 4034 418 4086 Auctoris
432 4036 522 4101 opinio
535 4033 567 4086 de
585 4040 656 4087 recta
672 4035 811 4086 tractanda
824 4035 894 4100 juris
910 4037 1031 4102 gentium
1047 4036 1169 4096 doctrina
1185 4053 1230 4090 ex·

192 4123 281 4189 posita
301 4129 342 4173 est
364 4124 393 4174 in
415 4121 463 4173 der
484 4121 630 4191 Zcitselsrist
639 4123 693 4191 saia·
709 4121 752 4175 dia
768 4119 1037 4190 Siootaacs'ssemsbafl.
1064 4123 1133 4176 'run
1155 4126 1230 4177 1852.

191 4207 252 4261 Vol.
271 4212 296 4263 8.
314 4225 377 4278 pag.
396 4211 448 4263 682
467 4222 522 4277 seq.
1204 4237 1210 4250 ·
