3109 5292
845 539 891 604 64

268 773 273 783 ,
351 718 460 796 rimus3
482 725 583 780 monet
603 717 737 800 deniqne
757 721 950 780 summm
970 713 1010 780 sd
1025 716 1109 797 juste
1131 713 1299 798 agendum,
1323 714 1343 776 i.
1358 731 1386 778 e.

352 823 468 886 mbone
480 823 554 905 justi
569 823 740 904 praeceptis
756 828 971 886 consentanea
1008 818 1149 900 Inprimis
1164 826 1266 882 autem
1280 817 1387 882 calex

353 926 460 990 efficax
479 934 528 992 est
546 927 673 990 invitae
693 933 816 992 nosnac
837 945 907 988 cum
928 925 995 988 abb
1015 922 1214 1007 peragendae
1236 924 1387 986 consum·

352 1031 434 1096 bone
450 1038 482 1092 et
496 1030 696 1108 ordinatione,
711 1038 774 1093 nnn
786 1032 818 1092 in
830 1029 1048 1094 mutronersiis
1061 1027 1102 1090 de
1114 1045 1164 1106 eo,
1177 1027 1262 1108 qnod
1275 1026 1386 1090 unius-

353 1135 502 1216 cujusque
523 1151 594 1198 esse
617 1133 746 1213 debeat,
767 1133 961 1212 decidendis,
980 1140 1042 1198 tum
1061 1149 1138 1197 vero
1160 1131 1191 1193 in
1212 1129 1386 1196 macicndis

353 1238 467 1301 normis
483 1238 694 1320 generalibus,
716 1239 827 1319 quibus
842 1239 1007 1302 universus
1022 1235 1242 1300 communitatis
1257 1235 1387 1316 alicujus

353 1339 429 1405 ordo
445 1342 615 1405 accuratius
631 1341 782 1418 deicitur,
798 1345 864 1406 sive
879 1342 911 1406 id
927 1341 1192 1419 conventionibus,
1207 1341 1274 1405 aiae
1290 1341 1387 1402 mori·

352 1443 409 1508 bus
428 1453 479 1508 ant
500 1445 619 1528 legibus
640 1445 698 1508 liat.
740 1446 966 1528 Explanandum
989 1455 1037 1510 est
1057 1447 1165 1530 igitur,
1187 1462 1247 1526 qna
1269 1444 1388 1507 maone

354 1566 438 1612 mens
454 1549 581 1612 bumana
596 1551 626 1612 in
641 1551 781 1614 omnibns
802 1551 887 1615 bisce
903 1551 1026 1615 casibus
1039 1549 1215 1632 procedere
1230 1549 1344 1626 soleat,
1357 1557 1389 1610 ut

350 1653 469 1734 justum
485 1655 522 1718 ab
537 1654 649 1736 injusto
672 1654 819 1738 distingui
839 1656 946 1737 possit
981 1653 1048 1716 Vim
1064 1661 1190 1738 ergoet
1207 1659 1388 1736 potestatem

243 1759 244 1763 ’
354 1757 478 1830 moralis
498 1758 579 1822 illins
595 1758 688 1842 legis,
708 1777 796 1840 quam
807 1760 951 1842 justitiam
967 1775 1128 1836 vocamm,
1149 1757 1280 1839 primum
1295 1756 1388 1820 inve-

354 1863 504 1944 stigemus
516 1871 648 1944 oportet.

420 1961 472 2027 43.
495 1965 675 2028 Rectissime
692 1985 709 2030 a
724 1967 1016 2049 veteribusjustitia
1032 1973 1176 2030 constms
1191 1972 1224 2028 et
1236 1970 1390 2046 perpetua

354 2086 443 2132 suum
466 2068 576 2149 cuique
599 2070 751 2133 tribuendi
772 2070 914 2133 veluntas
937 2069 1089 2150 appellata
1111 2075 1159 2134 est
1175 2066 1220 2143 ¹).
1264 2065 1389 2150 Singula

354 2173 443 2256 bujus
459 2172 642 2238 definitionis
656 2182 806 2238 momenta
820 2181 1057 2257 perscrutemur.

419 2275 442 2338 1.
464 2275 612 2340 lustitbm
628 2285 817 2344 constantem
833 2285 866 2340 ct
879 2276 1057 2358 perpetuam
1072 2275 1226 2339 bominum
1241 2291 1314 2338 esse
1328 2291 1390 2336 ro·

355 2380 501 2446 luntatem
517 2398 561 2470 ⁰¹.
578 2396 616 2443 eo
631 2388 775 2462 apparet,
795 2380 893 2461 quod,
913 2380 1168 2462 quandocumque
1188 2379 1345 2459 etquoais
1360 2379 1392 2442 in
1430 2374 1432 2377 ’

355 2483 425 2547 loco
447 2483 584 2548 homines
606 2492 851 2568 congregantur,
877 2494 1039 2550 moventur
1061 2485 1100 2548 ad
1119 2486 1205 2566 juste
1226 2482 1390 2566 agendum,

355 2586 374 2649 i.
387 2603 415 2648 e.
431 2585 469 2648 ad
486 2595 603 2654 mutuas
618 2589 697 2651 inter
715 2605 750 2650 se
766 2587 933 2651 relationes
947 2590 990 2653 ita
1004 2588 1204 2666 ordinandas,
1219 2595 1256 2651 ut
1267 2587 1391 2650 numum

299 2691 300 2694 ’
356 2707 418 2769 que
433 2707 519 2755 snum
534 2691 683 2756 tribuatur
699 2695 747 2766 (s.
763 2689 816 2754 38.
832 2689 913 2770 39.),
929 2692 1047 2756 etiamsi
1062 2691 1194 2756 tortasse
1209 2693 1280 2774 eJus
1294 2708 1391 2773 prae-

356 2801 445 2875 cepta
460 2801 658 2858 contemnere
675 2795 787 2860 maluit

421 2896 456 2960 ll.
478 2896 610 2979 Impellit
632 2905 733 2962 autem
751 2899 869 2980 justitia
889 2899 1075 2964 voluntatem
1096 2899 1251 2964 bominum
1272 2897 1311 2961 ad
1332 2897 1392 2961 ali·

355 3000 428 3084 qnid
444 3001 501 3066 sibi
517 3002 733 3090 tribuendum,
752 3002 833 3082 quod
853 3020 914 3066 non
929 3003 1027 3066 solam
1048 3001 1188 3067 iaciendo
1208 3002 1260 3065 vel
1279 3000 1393 3080 dando,

357 3104 413 3170 sed
434 3106 524 3167 etiam
545 3122 604 3168 nnn
625 3104 766 3168 laniendo
789 3114 841 3168 aut
860 3106 1002 3188 patiendo
1020 3107 1164 3186 elicitur,
1185 3107 1281 3171 veluti
1300 3124 1394 3187 quum

356 3206 435 3289 qnod
451 3207 576 3272 alterius
592 3225 663 3272 esse
678 3209 888 3292 cognovimus,
903 3209 935 3273 id
948 3211 977 3272 ei
988 3227 1048 3272 nec
1063 3210 1227 3274 auferimus
1242 3228 1302 3272 nec
1317 3227 1392 3272 cor-

357 3314 542 3394 rumpimus,
558 3320 590 3376 ct
604 3314 641 3376 ab
657 3313 738 3376 omni
753 3331 904 3395 personae
917 3316 988 3397 ejus
1003 3314 1140 3378 laesione
1154 3313 1349 3376 abstinemus

423 3414 470 3478 lll
498 3415 587 3490 Quod
615 3425 716 3480 numm
743 3418 833 3480 alteri
856 3419 932 3500 Justi
958 3418 1075 3480 radone
1099 3417 1200 3482 babita
1221 3417 1392 3494 tribuimus,

358 3517 427 3581 ideo
444 3520 472 3582 ei
488 3519 696 3599 concedimus,
718 3520 800 3600 qnod
820 3519 896 3584 illud
914 3523 1092 3582 necessario
1112 3522 1180 3602 ejus
1199 3537 1271 3584 esse
1292 3520 1344 3583 vel
1363 3520 1392 3581 ei

358 3620 467 3685 deberi
482 3639 670 3708 persuasum*
680 3622 767 3686 nobis
783 3623 940 3688 babemus.

399 3779 402 3786 ,
422 3723 471 3790 IV.
493 3725 632 3807 lienique
647 3727 695 3789 vir
705 3728 808 3808 justus
822 3745 884 3791 uon
898 3729 952 3793 nni
963 3728 1093 3792 alterive
1107 3728 1164 3794 sed
1178 3731 1278 3811 aeque
1293 3729 1392 3794 orsini⁸

357 3827 418 3892 bus
438 3845 526 3894 snum
550 3831 683 3892 tribuere
699 3847 734 3892 se
757 3830 873 3894 debere
894 3834 965 3909 scit,
986 3849 1086 3913 ecque
1101 3842 1133 3896 et
1154 3831 1201 3911 id,
1221 3832 1304 3913 quod
1325 3834 1392 3915 ipse

358 3947 448 3996 suurn
464 3949 534 3996 esse
550 3935 710 4017 coguovit,
725 3933 762 3996 ab
779 3934 846 3998 aliis
860 3935 919 3998 sibi
933 3936 1085 4017 praestari
1098 3934 1240 4018 postulat

359 4077 585 4096 -n—-u-

415 4152 440 4218 1)
459 4154 501 4204 Pr.
513 4155 542 4206 d.
556 4159 579 4210 1.
594 4159 617 4207 1.
636 4155 803 4223 (Dejnstitis
814 4155 930 4223 otiare.)
1035 4221 1038 4226 ,
