3109 5292
841 551 886 618 76

347 733 532 817 imperantes
547 741 579 796 et
593 731 786 817 magistratus
800 729 899 813 pietas
914 737 948 793 et
960 729 1148 796 reverentia.
1174 727 1242 793 lam
1257 735 1291 792 et
1303 743 1385 792 rer-

346 839 393 902 bis
410 839 490 921 J'uris
514 845 677 920 praecepta
698 835 887 899 brevissimis
902 851 997 916 saepe
1013 836 1144 917 exprimi
1165 834 1283 914 solent,
1312 831 1384 898 inde

342 943 421 1024 juris
437 941 612 1024 paroemias
626 942 692 1004 sive
711 940 835 1023 adagio,
857 956 936 1019 quae
956 938 1106 1004 dicmur.
1141 936 1203 1002 Sed
1221 955 1280 1020 pao
1295 938 1383 1003 varic

345 1048 528 1128 populorum
544 1046 667 1128 ingenio
683 1053 714 1108 et
725 1044 929 1127 proloccrum
942 1051 1100 1107 etmorum
1108 1043 1382 1106 commerciorum·

346 1167 406 1230 que
428 1149 604 1212 diuersitate
624 1149 708 1212 varia
729 1150 819 1211 etiam
838 1164 946 1210 eorum
966 1156 1038 1211 snut
1056 1147 1180 1229 publica
1201 1147 1380 1229 priuataque

345 1253 493 1329 institam
517 1262 548 1315 et
566 1254 637 1316 licet
653 1253 733 1335 apud
749 1268 854 1316 omnes
869 1269 993 1334 semper
1012 1251 1088 1316 illud
1110 1269 1165 1334 prp
1182 1253 1254 1333 jure
1269 1251 1381 1312 obser-

346 1359 413 1420 uari
433 1356 547 1435 soleat,
575 1357 657 1438 qnod
679 1357 894 1438 aequissimum
918 1363 951 1419 et
971 1354 1128 1418 ubilimnm
1154 1371 1226 1418 esse
1246 1361 1380 1436 putetur,

347 1459 505 1524 innumera
521 1468 620 1524 tamen
640 1460 691 1524 illa
702 1461 782 1543 juris
798 1461 896 1524 civilis
911 1459 1085 1530 discrimina
1100 1460 1230 1523 naturali
1251 1459 1381 1540 quadam

346 1567 531 1630 necessitate
547 1573 613 1628 orta
629 1583 700 1628 esse
716 1565 846 1628 dicenda
861 1573 941 1628 sunt

410 1669 448 1744 b)
472 1667 690 1732 crescentibus
704 1669 835 1750 publicis
850 1669 945 1732 rebus
961 1677 993 1730 et
1002 1668 1102 1732 auctis
1115 1668 1381 1750 multiplicatisque

345 1773 426 1838 uitae
442 1773 539 1836 civilis
555 1773 787 1836 necessitatibus
801 1772 917 1853 scripto
929 1774 1126 1855 inrogantes
1140 1774 1185 1835 uti
1200 1772 1314 1836 solent:
1330 1778 1382 1834 aut

345 1878 425 1940 enim
446 1878 634 1940 inveteratae
651 1877 730 1958 juris
746 1873 985 1939 consuetudines
1000 1877 1109 1938 litteris
1124 1875 1205 1957 apud
1220 1893 1275 1939 eos
1290 1893 1381 1938 man·

218 2029 221 2035 -
344 1982 452 2046 dantur
467 1990 518 2044 aut
532 1985 614 2056 tepea
629 1982 817 2057 sanciuntur,
833 1980 900 2042 sive
915 1978 945 2041 id
961 1979 1014 2042 liat
1029 1979 1111 2042 dubii
1125 1997 1163 2043 ae
1179 1980 1290 2043 incerti
1300 1982 1381 2062 juris

344 2087 517 2148 accuratius
533 2084 697 2148 deliniendi
711 2093 743 2148 et
758 2085 933 2168 corrigendi
948 2087 1058 2169 gratia,
1075 2088 1142 2150 sive
1157 2085 1196 2150 ad
1212 2104 1291 2151 nova
1300 2087 1381 2170 juris

344 2199 511 2272 praecepta
529 2188 696 2253 statuenda.
732 2188 801 2252 lam
824 2191 915 2253 etiam
935 2190 1063 2274 regulae
1082 2191 1164 2272 juris
1186 2189 1381 2272 prudentium

344 2294 549 2357 consensione
564 2300 711 2374 receptae
726 2312 856 2376 magnae
872 2302 944 2357 snut
958 2294 1156 2358 auctoritatis

410 2403 446 2473 c)
467 2397 610 2461 Politicre
633 2407 740 2480 postea
757 2399 843 2464 cultu
863 2399 1108 2480 immanitateque
1123 2404 1236 2462 exorta
1257 2407 1289 2462 et
1303 2399 1382 2460 arti-

344 2503 400 2566 bus
415 2501 591 2566 liberalibus
609 2502 839 2584 disciplinisque
853 2503 1032 2566 florentibus
1043 2503 1101 2565 viri
1111 2501 1278 2584 docbjuris
1287 2519 1382 2583 prae·

344 2616 432 2690 cepta
447 2607 478 2668 in
495 2608 569 2672 artis
585 2607 721 2670 ordinem
738 2608 884 2692 digerere
900 2607 1018 2685 solent,
1040 2623 1109 2670 cum
1124 2623 1191 2669 rem
1205 2606 1381 2670 universam

343 2712 476 2775 tribuam
490 2712 521 2773 in
535 2718 655 2793 partes,
680 2713 842 2778 obscuram
857 2713 1023 2795 explanent
1042 2710 1297 2793 interpretandos
1311 2730 1380 2774 am-

343 2816 436 2899 tigna
451 2815 580 2898 primum
597 2815 728 2894 videant,
745 2817 855 2880 deinde
871 2818 1065 2899 distinguunt,
1080 2823 1236 2897 postremo
1250 2815 1382 2879 babeant

343 2905 497 3003 regulam,
517 2937 576 3000 qua
591 2937 667 2983 vera
683 2927 715 2981 et
729 2919 806 2984 lelsa
817 2921 1011 3002 iudicentur,
1040 2928 1071 2981 et
1084 2937 1163 3001 quae
1178 2920 1288 3001 quibus
1303 2936 1379 3002 pro-

344 3024 453 3106 positis
479 3024 538 3086 sint
561 3040 697 3103 quaeque
726 3041 789 3086 non
815 3025 876 3087 sint
896 3024 1114 3105 consequentia
1124 3022 1162 3098 ¹).
1200 3022 1381 3108 Adjungunt

344 3143 439 3207 saepe
455 3127 543 3190 etiam
559 3125 726 3190 litterarum
741 3128 897 3190 scientiam
912 3136 943 3191 et
958 3127 1102 3209 loquendi
1117 3128 1307 3212 elegantiam.
1327 3126 1380 3192 Sic

345 3231 441 3293 oritur
461 3229 624 3310 peculiaris
644 3230 695 3294 illa
716 3230 886 3312 disciplina,
911 3250 988 3313 quae
1002 3232 1260 3306 jurisprudentia
1274 3234 1338 3314 jam
1361 3250 1380 3295 a

345 3333 502 3398 veteribus
517 3333 669 3415 appellata
689 3342 750 3411 ert3
773 3352 833 3415 qua
849 3335 996 3414 efficitur,
1019 3343 1053 3400 ut
1061 3337 1132 3418 jus,
1154 3335 1236 3418 quod
1257 3335 1379 3417 quidem

345 3437 376 3500 io
396 3437 562 3498 innumeris
583 3435 703 3519 legibus
723 3445 775 3500 eut
794 3439 923 3520 singolis
938 3440 1210 3504 consuetudinibus
1225 3447 1293 3502 erat
1312 3439 1380 3502 dis·

345 3557 467 3624 pereum
478 3548 569 3622 etque
581 3538 730 3618 diffusum,
747 3543 803 3606 sed
810 3547 873 3627 jam
882 3552 956 3606 arte
967 3546 1161 3609 constitutum
1172 3553 1204 3608 et
1212 3545 1379 3608 ordinatum

347 3661 486 3724 novaque
501 3645 596 3706 forma
610 3643 764 3725 indutum,
788 3665 847 3728 per
866 3656 962 3711 artem
979 3649 1116 3711 existere
1136 3649 1268 3730 incipiat.
1305 3649 1379 3712 l'um
1427 3691 1432 3698 .

344 3748 419 3811 illud
442 3764 501 3829 per
518 3748 755 3830 jurisconsultos
775 3750 947 3831 perlectum
964 3759 995 3816 et
1010 3760 1130 3816 auctum
1145 3770 1182 3814 ae
1196 3753 1380 3835 perpolitum

348 3869 465 3914 omnem
481 3868 566 3913 suam
582 3853 796 3933 praestantiam
812 3856 869 3918 arti
886 3873 991 3920 eornm
1009 3875 1045 3919 ac
1060 3858 1161 3920 studio
1177 3855 1278 3936 debet,
1292 3858 1335 3920 ita
1347 3865 1382 3919 ot

347 3956 443 4018 omnis
460 3957 528 4037 ejus
543 3954 681 4035 firmitas,
704 3957 830 4036 utilitas,
853 3960 1046 4050 progressio,
1070 3959 1256 4042 praesidium
1272 3961 1304 4022 in
1319 3960 1381 4023 llo·

404 4168 429 4233 l)
448 4168 582 4222 Ciceronis
595 4171 693 4222 Brutus
706 4172 770 4238 Cep.
784 4176 827 4223 41.
845 4176 869 4236 ὅ.
885 4175 943 4225 152.
