3109 5292
682 585 726 650 ’93

71 847 73 861 y
185 761 389 826 tantummodo
404 761 435 826 in
449 761 578 843 privatis
592 759 712 824 ominis
723 767 932 839 numerantur,
948 761 1074 826 aliorum
1086 763 1224 848 gentium

184 866 257 947 juro
273 873 415 947 mnqnam
431 865 541 928 delicta
557 865 676 947 publica
692 868 873 947 puniuntur,
887 866 982 931 veluti
996 867 1126 949 furtum,
1142 869 1225 952 quod

183 970 256 1051 jure
270 987 398 1034 romano
415 970 549 1052 privata,
566 969 646 1061 apud
662 987 720 1034 nos
734 971 855 1052 publica
870 989 971 1057 poena
986 976 1159 1038 contractor.

250 1073 337 1135 Fieri
351 1081 462 1155 potest,
477 1081 510 1136 ut
525 1074 624 1154 aliqua
641 1075 735 1154 actio,
754 1095 833 1156 qnae
849 1076 931 1139 civili
946 1076 1017 1160 loga
1032 1077 1113 1140 licita
1128 1086 1192 1157 cst,
1207 1095 1226 1142 a

190 1193 321 1257 persona
337 1177 436 1258 aliqua
451 1194 492 1239 ex
508 1178 597 1242 animi
613 1181 763 1243 sententia
786 1199 845 1262 pro
859 1180 968 1264 injusta
982 1181 1146 1260 habeatur,
1166 1197 1226 1262 quo

190 1281 221 1342 in
237 1297 311 1344 casu
333 1282 521 1346 conscicntia
546 1285 619 1365 ejas
635 1284 672 1346 ab
694 1285 745 1348 ilia
767 1285 921 1350 abstinero
937 1279 1073 1368 jubetur.
1109 1285 1226 1350 Eodem

4 1417 5 1436 r
136 1375 141 1380 ’
190 1383 279 1448 modo
295 1392 397 1466 potest
413 1386 521 1466 aliquis
537 1387 687 1450 actionem
704 1391 776 1471 jure
791 1391 944 1454 inhibitam
959 1409 1017 1472 pro
1032 1389 1084 1454 tali
1099 1389 1226 1469 baboro,

190 1505 269 1568 quac
284 1496 392 1552 natura
406 1507 460 1552 sna
476 1485 586 1572 injusta
604 1508 663 1553 non
681 1494 727 1554 sit
752 1491 786 1554 ln
801 1493 950 1576 ejusmodi
963 1494 1139 1575 cacologos
1155 1511 1226 1556 esso

190 1591 307 1672 iniquas
323 1594 497 1670 existimare
514 1595 544 1656 ci
559 1594 642 1674 licet,
658 1595 714 1658 sad
730 1596 756 1659 si
772 1596 803 1658 in
817 1597 884 1659 illas
899 1596 1072 1676 committit,
1087 1605 1227 1678 utsupra

183 1697 249 1777 jam
265 1695 409 1776 diximus,
426 1698 706 1763 animadversiones
722 1718 827 1765 aarum
840 1703 911 1783 juro
925 1719 988 1765 non
1002 1698 1120 1783 effugit.

257 1799 309 1864 69.
332 1799 481 1884 Superest
495 1804 525 1866 iu
541 1803 599 1867 boc
612 1805 724 1886 capite,
737 1813 772 1869 ut
788 1821 985 1887 quaeramus:
1002 1823 1041 1867 an
1055 1803 1226 1867 bominibus

189 1905 221 1968 in
236 1911 325 1968 arcta
340 1909 498 1983 natarali,
519 1926 609 1988 qoem
629 1923 790 1985 vocamus,
812 1907 995 1990 degentibus
1013 1909 1085 1990 Jura
1104 1908 1136 1969 in
1150 1905 1227 1971 alios
1314 1971 1319 1979 ,

190 2017 371 2092 compotoro
396 2011 528 2091 possint,
563 2011 745 2092 pracsertim
769 2011 838 2090 ilia,
875 2029 954 2094 quac
974 2012 1054 2096 juris
1080 2009 1226 2084 naturalis

191 2113 359 2196 scriptores
370 2115 440 2196 jura
454 2115 617 2198 originaria
633 2114 684 2179 vei
699 2123 826 2178 connata
841 2116 1018 2198 appellanti

255 2216 430 2281 Socmndum
445 2236 492 2296 aa,
508 2237 588 2299 quaa
603 2219 633 2282 in
649 2226 711 2282 tota
727 2227 831 2282 nostra
846 2219 884 2282 de
899 2227 1006 2283 natura
1017 2217 1099 2300 juris
1112 2217 1225 2301 dispu-

191 2321 304 2384 tab'onc
320 2319 494 2400 docuimus,
509 2322 650 2406 neganda
666 2321 742 2384 baso
758 2323 898 2404 quaestio
912 2338 984 2386 osso
998 2321 1125 2386 videtur.

259 2421 333 2487 Com
345 2425 424 2488 onim
439 2426 519 2489 inter
532 2425 668 2488 homines
682 2426 764 2488 nulio
778 2426 999 2492 communitatis
1010 2425 1132 2489 vinculo
1146 2442 1226 2488 con-

188 2529 312 2610 junctos
331 2529 496 2593 communis
516 2547 638 2610 quoquo
660 2529 699 2592 dc
716 2546 771 2607 eo,
794 2529 879 2610 quod
895 2533 1012 2612 justum
1032 2536 1094 2607 est,
1122 2529 1226 2610 opinio

184 2632 275 2699 -nntln
290 2634 346 2713 sit,
369 2636 577 2716 unusquisque
593 2651 650 2716 pro
667 2635 739 2716 juro
758 2633 852 2696 babot
870 2634 919 2711 id,
939 2632 1095 2713 quodsum
1111 2629 1228 2714 jndicio

190 2735 249 2802 sibi
262 2745 439 2818 compatere
453 2745 504 2802 aut
517 2739 606 2802 alteri
619 2737 725 2801 deberi
736 2738 850 2820 justum
862 2743 958 2819 potat3'
973 2735 1044 2800 indo
1056 2735 1139 2798 nulia
1147 2735 1227 2817 juris

193 2842 381 2921 communio,
404 2841 485 2906 nulla
506 2847 625 2906 mutuno
646 2843 796 2906 libertatis
815 2843 847 2904 in
867 2841 962 2904 robus
981 2840 1098 2902 exteris
1120 2838 1226 2902 distri·

192 2945 292 3023 butio,
316 2963 374 3008 nec
395 2944 535 3008 definitae
557 2946 637 3009 illius
662 2946 848 3028 prouinciae.
887 2945 974 3019 Quae
996 2959 1075 3008 raro
1099 2949 1227 3006 connata

189 3051 260 3131 jura
285 3048 343 3112 dici
365 3049 481 3128 solent,
505 3049 577 3112 nibil
599 3048 656 3112 uisi
673 3050 777 3131 Jurum
799 3066 917 3123 nmero
932 3053 1020 3126 sunt,
1042 3060 1122 3127 quac
1137 3046 1228 3120 alicui
1326 3122 1333 3128 q

192 3161 369 3234 competere
380 3151 533 3231 debcant,
545 3152 667 3234 mando
684 3171 741 3234 pro
757 3169 891 3234 persona
905 3153 937 3217 in
948 3152 1020 3234 jnro
1035 3151 1180 3229 babetur,
1196 3147 1227 3212 id

185 3255 276 3340 ,qnod
289 3255 370 3321 inira
385 3260 433 3332 (s.
449 3253 521 3332 ⁷2.)
537 3258 708 3322 accuratius
728 3271 926 3339 exponamus.

595 3590 830 3607 W
