3109 5292
654 587 718 653 145

168 764 310 845 recipere
325 781 385 828 non
400 771 510 846 potest,
525 763 633 844 quaeri
649 763 737 841 solet,
759 763 797 826 ad
814 781 903 844 quem
919 763 989 845 ejus
1002 764 1048 826 rei
1066 761 1202 826 damnum
1293 780 1296 785 ·
1325 727 1328 730 Ι

168 877 297 951 spectet,
319 876 424 939 uuum
435 869 474 932 ad
491 868 676 932 creditorem
692 887 730 932 an
746 868 784 930 ad
801 867 991 930 debitorem?
1012 866 1049 928 Et
1065 867 1202 947 quoniam

169 972 230 1037 lata
249 974 385 1054 quotidie
405 982 463 1037 tam
479 973 614 1036 homines
629 991 719 1054 quam
734 991 786 1036 res
807 971 923 1036 debitas
944 973 1130 1048 minitantur,
1153 971 1204 1032 illa

168 1079 308 1160 quaestio
332 1079 391 1143 boc
416 1077 505 1141 modo
532 1079 663 1160 proponi
688 1078 782 1155 solet,
808 1078 946 1159 quisnam
966 1078 1014 1140 rei
1034 1074 1204 1158 periculum

169 1183 323 1246 susdnere
345 1183 396 1246 vel
415 1183 576 1264 suscipere
602 1183 736 1246 debeat?
759 1181 835 1244 Cum
855 1190 956 1246 autem
977 1179 1204 1262 impossibilium

168 1287 250 1350 nulla
271 1288 312 1350 sit
330 1288 492 1370 obligatio,
516 1286 648 1362 debitor,
675 1287 728 1367 qui
748 1304 823 1350 casu
842 1287 1020 1370 impeditur,
1046 1285 1204 1365 quominus

168 1399 330 1472 susceptae
347 1410 366 1454 a
380 1409 416 1454 se
431 1391 606 1474 obligationi
620 1389 795 1468 satisfaciat,
813 1409 829 1452 a
848 1390 1053 1472 praestatione
1066 1387 1205 1452 iacienda

169 1495 220 1558 vel
236 1495 265 1556 in
281 1502 378 1558 totum
393 1496 517 1579 velpro
533 1503 620 1578 parte
628 1495 786 1571 liberatur,
795 1495 889 1556 veluti
903 1512 970 1557 cum
983 1510 1034 1556 res
1051 1493 1082 1554 in
1096 1492 1205 1572 specie

168 1598 268 1662 debita
284 1617 358 1662 casu
374 1601 456 1681 perit
470 1600 520 1663 vel
536 1600 671 1662 deterior
685 1600 726 1662 fit
756 1597 831 1660 Item
847 1599 948 1679 siquis
959 1600 988 1660 in
1000 1597 1205 1678 exsequendis

168 1704 328 1784 promissis
344 1722 416 1767 casu
431 1706 464 1767 in
478 1705 616 1768 damnum
636 1704 758 1782 incidit,
777 1703 837 1766 hoc
857 1702 952 1785 vulgo
973 1702 1039 1782 ipse
1062 1703 1124 1781 pati
1146 1700 1205 1761 de-

168 1807 228 1868 bet.
259 1806 293 1870 ln
316 1810 520 1872 conductibus
540 1817 640 1872 autem
661 1809 794 1872 vicissim
819 1806 1005 1889 obligatoriis
1022 1805 1148 1868 alterius
1164 1803 1205 1866 li-

169 1909 286 1973 beratio
302 1909 436 1989 fortuita,
451 1912 580 1975 alterum
596 1931 613 1973 a
629 1912 779 1974 solutione
795 1913 872 1993 ejus,
896 1909 975 1991 quod
992 1928 1032 1972 cx
1048 1927 1102 1974 sua
1117 1915 1206 1990 parte

168 2021 328 2095 praestare
344 2033 413 2077 eum
428 2023 560 2098 oportet,
575 2035 635 2080 non
651 2017 752 2094 solvit,
761 2017 819 2078 nisi
835 2003 946 2098 piloris
964 2015 1129 2097 praestatio
1146 2031 1206 2094 ne·

168 2119 304 2182 cessaria
319 2121 359 2181 sit
373 2127 494 2184 mutuae
509 2122 721 2200 praestationis
737 2121 879 2184 conditio.

234 2222 273 2299 b)
297 2223 328 2286 Si
348 2224 422 2286 dolo
439 2223 490 2286 vel
504 2225 593 2305 culpa
608 2223 749 2287 damnum
772 2223 881 2288 lactum
907 2224 957 2301 sit,
978 2222 1037 2284 hoo
1059 2221 1096 2284 ad
1118 2239 1205 2284 rcum

168 2335 310 2406 spectare
332 2344 375 2390 ex
389 2328 427 2390 iis
449 2329 604 2408 sequitur,
627 2347 704 2410 quae
727 2327 996 2410 supra(§·.105·.)
1018 2325 1204 2389 tradidimus.

15 2486 16 2493 ,
73 2501 75 2504 ,
168 2428 298 2509 Idcirco,
307 2431 387 2512 quod
399 2433 466 2512 quis
479 2450 533 2494 sua
541 2433 629 2513 culpa
639 2433 730 2507 sentit
745 2433 893 2510 damnum,
902 2432 930 2494 id
947 2433 1061 2494 sentire
1079 2447 1138 2494 non
1154 2432 1205 2494 vi-

169 2532 267 2612 detur,
277 2543 308 2596 et
323 2535 403 2616 quod
417 2536 495 2616 quid·
506 2537 595 2599 alteri
609 2536 702 2598 infert
714 2536 854 2600 damnum
865 2535 894 2600 id
910 2535 1062 2598 resarcire
1076 2541 1206 2596 tenetur.

171 2637 209 2703 Et
223 2655 346 2720 semper
361 2639 484 2720 quidem
499 2641 535 2718 is,
552 2641 605 2721 qui
619 2640 727 2703 dolose
742 2647 884 2704 versatus
900 2646 956 2717 est,
973 2637 1103 2718 ideoque
1120 2637 1206 2700 dolus

167 2759 291 2823 semper
305 2745 452 2823 praestari
469 2745 586 2808 debere
602 2745 722 2808 dicitur.
754 2743 831 2806 Num
853 2749 885 2804 ct
904 2741 977 2806 illud
995 2741 1134 2808 damnum
1150 2757 1205 2802 re-

168 2845 363 2910 sarciendum
386 2849 442 2927 sit,
463 2848 544 2930 quod
566 2849 635 2930 quis
655 2849 846 2932 negligentia
867 2847 955 2910 alteri
976 2847 1091 2923 intulit,
1114 2846 1151 2908 ab
1168 2863 1206 2908 eo

167 2948 297 3032 pendet,
309 2971 361 3012 :an
382 2952 514 3015 debitum
535 2953 710 3036 diligentiae
726 2952 855 3035 gradum
872 2952 901 3014 in
917 2953 1010 3014 rebus
1026 2950 1131 3014 alicnis
1147 2948 1206 3012 ad-

167 3052 322 3118 bibaeritt
345 3055 383 3134 Et
402 3065 472 3124 sont
492 3064 680 3135 contractus,
700 3057 730 3119 in
750 3057 860 3138 quibus
876 3057 950 3120 satis
967 3062 1013 3118 est
1029 3061 1206 3119 consuetam

168 3159 301 3221 omnium
317 3159 468 3223 hominum
485 3161 632 3224 adbibere
647 3161 848 3244 diligentiam
865 3160 924 3238 alii,
941 3160 971 3222 in
987 3158 1095 3240 quibus
1112 3158 1207 3239 major

168 3261 223 3324 ie.
237 3262 309 3324 boni
319 3266 412 3344 patris
423 3262 552 3328 familias
565 3263 722 3347 diligentia
738 3264 922 3345 praestanda
937 3269 995 3340 est,
1009 3262 1059 3325 alii
1076 3261 1206 3345 deniqqe

168 3368 198 3428 in
212 3368 325 3448 quibus
340 3369 448 3449 aliquis
468 3387 551 3446 eam,
575 3387 663 3449 quam
686 3370 750 3431 suis
769 3368 863 3430 rebus
886 3366 1007 3430 adhibet
1021 3366 1206 3448 diligentiam

166 3479 325 3550 praestare
347 3480 477 3540 wnetur.
507 3472 578 3534 lndc
597 3473 674 3538 varii
690 3473 799 3553 culpae
816 3471 931 3553 gradus
946 3473 1031 3531 totae
1046 3476 1099 3532 aut
1118 3469 1205 3544 levis,

168 3575 319 3657 hujusque
335 3577 387 3640 vel
400 3577 432 3646 in
448 3581 611 3640 abstracto
626 3578 677 3640 vel
693 3578 723 3638 in
739 3580 886 3636 concreto
902 3573 1104 3639 aestimandae
1123 3571 1161 3646 1).

238 3673 367 3742 1140.
396 3680 491 3744 Omne
515 3681 704 3763 obligationis
728 3678 881 3743 vinculum
904 3677 1064 3758 personale
1088 3675 1206 3744 dicitur.

122 3866 132 3881 .
168 3780 223 3844 Est
238 3783 320 3844 enirn
335 3783 414 3846 inter
428 3785 527 3848 solum
547 3785 729 3848 creditorem
750 3782 981 3860 debitoremque
1001 3797 1106 3842 nexus
1138 3779 1205 3840 Ex-

168 3887 283 3950 traneis
306 3888 400 3969 igitur
421 3888 464 3950 nil
479 3890 557 3971 Juris
579 3906 621 3950 ex
642 3887 740 3950 aliena
759 3886 940 3967 obligatione
966 3884 1122 3964 competit,
1147 3893 1221 3946 nec'

167 3989 342 4083 praestandi
358 3992 527 4055 necessitas
536 3991 689 4054 incumbit
712 3989 785 4052 lnde
797 3988 882 4054 illud:
899 4005 950 4050 res
960 3988 1123 4058 interulioa
1140 3994 1205 4050 acta

223 4179 250 4245 1)
268 4179 385 4244 Hassc,
404 4179 446 4230 dic
460 4178 546 4246 Culpa
558 4179 604 4230 des
616 4184 681 4230 rbm.
693 4176 801 4229 Rechts.
826 4174 888 4227 Kicl
902 4174 969 4226 1815
982 4179 1009 4225 et
1024 4175 1099 4252 1838,

187 4281 370 4334 wnrnkontg,
384 4281 529 4335 pbilosjnrls
538 4283 576 4322 bu.
588 4280 622 4324 ed,
632 4282 652 4322 t.
953 4262 994 4331 10
