3109 5292
662 571 707 642 83

168 753 271 819 diuina
292 754 438 837 quaedem
460 753 653 836 providentia
678 756 842 820 constituta
867 771 990 838 semper
1010 753 1096 822 firme
1117 762 1209 838 atque

167 861 361 924 immutabilis
375 877 559 942 permonere
572 858 716 922 dicuntur
734 857 773 934 ¹).

236 962 311 1028 Cum
326 963 408 1030 nulia
428 963 535 1028 civitss
557 971 641 1028 stsre
660 963 772 1046 possit,
795 963 853 1026 nisi
874 980 911 1025 en
931 964 1120 1044 sanciantur,
1143 965 1210 1028 sine

160 1067 279 1149 ‘mribus
295 1070 376 1132 nullu
393 1068 587 1132 communitas
604 1085 675 1132 esse
690 1068 797 1149 possit,
819 1084 948 1148 cumque
962 1069 994 1131 in
1009 1068 1146 1132 omnrirus
1163 1069 1211 1132 si-

167 1173 247 1236 miiis
262 1175 302 1237 sit
315 1181 375 1236 tam
390 1173 557 1236 liberorum
574 1191 663 1252 quam
679 1172 877 1236 servientium
897 1172 1050 1238 hominum
1067 1172 1211 1252 conditio,

167 1291 230 1340 nnn
254 1278 439 1359 solumeJus
460 1277 539 1360 juris
562 1284 729 1358 praecepta
751 1277 864 1359 ultique
884 1277 1109 1355 observantur,
1133 1295 1210 1359 quse

166 1389 276 1445 natura
298 1383 398 1445 omnin
418 1382 555 1445 animalis
577 1381 680 1446 docuit
702 1385 751 1456 (s.
767 1379 845 1459 46),
870 1397 978 1442 verum
999 1382 1053 1445 iiia
1076 1400 1211 1464 quoque,

92 1521 94 1524 -
167 1501 249 1566 quae
276 1485 405 1548 naturali
433 1486 551 1550 ratione
580 1485 693 1566 ubique
723 1484 974 1565 comprobantur.
1018 1486 1212 1568 Quapropter

167 1591 340 1653 rectissime
361 1590 403 1652 uit
417 1589 680 1672 Hermogenisnns
698 1587 745 1664 ⁸)=
769 1607 811 1651 ex
833 1587 893 1650 troc
913 1587 1049 1670 gentium
1064 1592 1136 1674 jure
1159 1591 1211 1652 in-

168 1691 310 1756 troductu
326 1701 396 1758 sunt
410 1691 500 1772 betia,
517 1691 670 1756 discretae
687 1699 809 1776 gentes,
823 1709 923 1776 regna
937 1691 1069 1772 conditu,
1081 1693 1212 1756 dominia

168 1795 318 1875 distincte,
329 1799 412 1880 egris
421 1797 540 1859 termini
549 1797 649 1878 positi,
659 1795 795 1860 aedificis
806 1797 967 1876 collocata,
984 1799 1211 1876 commercium,

167 1901 327 1979 emtiones,
347 1900 550 1978 venditiones,
566 1900 744 1978 locationes,
761 1900 990 1979 conductiones,
1005 1902 1209 1984 obligationes

168 2004 336 2083 institutae,
357 2005 497 2086 exceptis
511 2003 705 2085 quibusdam,
730 2022 811 2085 quae
823 2007 896 2088 jure
918 2006 1000 2068 civili
1019 2013 1090 2068 sunt
1110 2006 1212 2067 intro-

171 2107 293 2170 ductae.
328 2107 384 2172 Jus
406 2108 495 2170 civile
516 2125 610 2190 saepe
634 2109 743 2170 mutari
766 2111 860 2187 solet,
883 2111 988 2190 ajuro
1006 2109 1139 2172 naturali
1159 2108 1210 2171 uei

172 2213 310 2295 gentium
326 2228 403 2276 nero
418 2227 520 2294 neque
539 2213 570 2274 in
587 2219 650 2274 toto
674 2211 792 2275 recedit
812 2231 872 2275 neo
897 2214 1019 2276 omnino
1034 2213 1064 2274 ei
1085 2213 1214 2275 inseruit

170 2321 203 2378 et
225 2318 408 2397 pracsertim
429 2318 460 2379 in
482 2334 520 2380 eo
546 2317 699 2393 consistit,
720 2323 755 2378 ut
771 2315 883 2397 aliquid
898 2315 991 2378 addat
1005 2318 1056 2379 vei
1072 2315 1213 2378 detrahat

167 2419 213 2482 iiii
233 2420 298 2502 iuri
322 2421 479 2482 communi.
526 2419 601 2484 Sunt
622 2420 716 2502 igitur
735 2420 764 2482 in
793 2421 873 2482 omni
900 2422 970 2502 jure
998 2417 1147 2500 quaedum
1170 2435 1211 2480 ex

169 2523 246 2603 ipris
261 2541 364 2586 rerum
380 2525 481 2588 causis
502 2524 726 2606 proficiscentis
746 2525 924 2586 necessaria
947 2531 1036 2604 atque
1058 2525 1210 2584 imanuta-

168 2627 247 2688 ditiu
268 2635 446 2709 praecepte,
469 2634 500 2689 et
521 2627 670 2709 quaedam
694 2627 846 2690 mutabilia
869 2627 888 2688 i.
904 2644 931 2688 e.
947 2627 1029 2709 apud
1043 2626 1134 2690 alium
1148 2642 1210 2706 po-

171 2727 287 2812 pulum,
304 2730 364 2793 ulio
379 2731 458 2809 loco,
475 2731 535 2795 ulio
550 2739 687 2814 tempore
703 2732 761 2794 elia
778 2729 819 2807 3).

236 2835 275 2909 b)
296 2833 350 2896 Est
365 2843 465 2898 autem
480 2836 560 2899 inter
578 2838 664 2900 auria
682 2837 761 2918 juris
783 2843 950 2919 praecepta
966 2843 998 2897 et
1012 2834 1071 2897 hoc
1092 2833 1208 2895 discri-

169 2955 258 3018 men,
282 2938 364 3020 quod
389 2939 467 3001 alise
486 2941 660 3014 primariae
682 2947 767 3020 sunt,
792 2941 871 3003 aliae
894 2939 1112 3002 secundariae.
1146 2935 1209 2999 Illis

170 3043 251 3106 enim
263 3043 342 3126 juris
358 3042 485 3105 instituti
500 3043 667 3106 substantie
678 3051 710 3106 et
722 3045 895 3108 constitutio
911 3043 1064 3120 deiinitur,
1080 3042 1138 3104 hae
1153 3058 1209 3103 se·

170 3153 304 3227 quuntur
325 3165 367 3209 ex
389 3146 449 3208 illis
474 3153 564 3226 atque
589 3146 789 3228 explicantur.
833 3147 1064 3231 Saepenumero
1091 3147 1210 3236 iliarum

170 3251 251 3313 ratio
271 3269 331 3314 non
356 3250 447 3314 ssciie
472 3249 575 3314 aiierri
596 3258 710 3332 potest,
734 3253 842 3316 herum
864 3259 965 3314 autem
988 3251 1157 3314 necessitas
1172 3267 1209 3312 re

170 3355 238 3436 ipsa
260 3363 359 3437 patet,
383 3374 452 3418 cum
477 3373 583 3417 earum
605 3354 819 3436 dispositiones
843 3356 935 3418 tncite
954 3355 1075 3437 iegibus
1097 3354 1210 3435 prioris

169 3460 299 3542 generis
314 3461 416 3523 inesse
432 3458 601 3521 videantur.

239 3567 274 3638 c)
297 3562 366 3626 Alia
382 3564 462 3627 inter
473 3564 554 3645 juris
569 3580 702 3642 normes,
718 3564 901 3646 praesertim
913 3563 993 3626 inter
1003 3564 1103 3648 leges,
1116 3561 1209 3625 dide-
1235 3555 1243 3568 '

170 3694 410 3711 *uu—nunu*—
454 3709 455 3714 ,

227 3777 252 3844 1)
271 3781 295 3841 5.
317 3781 339 3829 1.
356 3779 384 3830 J.
406 3781 429 3828 1.
449 3783 472 3828 2.
492 3777 535 3845 (de
550 3779 610 3842 juro
629 3785 683 3830 nst.
702 3782 773 3843 gent.
793 3784 820 3828 et
837 3776 931 3841 civili.)

223 3865 250 3930 2)
269 3866 351 3916 lntr.
370 3865 438 3916 51).
460 3869 483 3914 1.
504 3868 526 3916 1.
546 3866 597 3930 (De
611 3865 719 3929 justitie
737 3869 763 3914 et
777 3864 856 3929 jure.)

161 3999 164 4008 ,
225 3952 251 4017 3)
272 3953 303 4002 in
317 3953 378 4016 jure
394 3952 514 4016 gentium
528 3953 650 4002 nituntur
666 3951 783 4002 omnium
800 3951 854 4000 fers
862 3950 931 4014 juris
944 3950 1125 4000 institutorum
1137 3951 1208 4014 prin·

166 4035 254 4103 cipis:
277 4037 380 4102 injure
404 4036 480 4088 civili
501 4037 644 4103 peculiaris
670 4052 760 4087 eorum
783 4035 853 4102 apud
873 4051 1085 4100 unumquemque
1103 4042 1209 4101 gentem

170 4125 256 4176 forms
269 4130 296 4174 ct
308 4123 411 4176 modus.
442 4123 486 4173 Sic
498 4124 694 4176 matrimonium
707 4123 826 4173 omnium
837 4121 997 4188 populorum
1012 4123 1148 4188 proprium
1159 4127 1209 4187 est,

170 4209 218 4264 sed
230 4211 377 4279 singularis
390 4207 461 4278 spud
472 4210 593 4277 singulos
604 4209 718 4280 populos
730 4207 906 4261 conuehendi
918 4208 976 4273 ejus
987 4210 1063 4261 rstio.

948 4295 998 4360 6*
