3109 5292
844 537 891 610 ²8

352 717 501 790 smtentia
521 718 637 800 justum
661 733 733 782 assa
757 715 885 781 ridetur.
931 714 1009 781 illud
1032 713 1184 790 meditem
1212 713 1272 779 troc
1290 714 1392 790 otniae,

353 826 502 898 (unum)
515 821 629 904 justum
648 819 803 903 appellare
818 819 908 884 nobis
923 819 1023 884 liceat

418 926 590 1003 Videamus,
606 923 757 1005 quomodo
773 932 937 1004 unumque
951 940 1052 1006 penus
1066 923 1147 989 inter
1160 939 1196 988 se
1211 920 1342 987 diderat.
1381 983 1386 989 .

419 1033 455 1105 a)
486 1029 574 1104 Quod
603 1028 710 1109 aliquis
734 1047 775 1092 ex
798 1028 945 1108 peculiari
966 1027 1024 1090 sud
1044 1033 1077 1088 et
1097 1027 1220 1108 proprii
1247 1025 1391 1106 opinione

353 1151 411 1214 pro
429 1134 513 1215 justo
534 1133 639 1211 habet,
664 1132 855 1196 solummodo
875 1133 945 1213 ejus
966 1130 1186 1194 conscientiam
1204 1130 1299 1214 tegit,
1325 1127 1391 1203 aliis

354 1236 406 1300 lex
422 1244 471 1298 est
485 1237 613 1303 molesta
630 1237 648 1298 i.
665 1255 691 1300 e.
708 1253 762 1312 ea,
784 1253 864 1316 quae
883 1252 954 1298 sese
970 1235 1038 1298 aliis
1052 1234 1197 1310 inculcct;
1220 1232 1329 1303 eadem
1345 1239 1393 1297 est

354 1341 402 1402 vis
418 1347 449 1401 et
464 1339 583 1403 indoles
601 1339 729 1422 alicujus
740 1339 780 1402 de
792 1340 906 1421 optimo
917 1341 986 1420 jure
1002 1337 1160 1403 docebas
1174 1338 1226 1401 rel
1234 1339 1318 1420 juris
1333 1355 1391 1401 nn·

352 1443 460 1508 torale
482 1443 669 1526 systematis3
698 1443 764 1520 cui,
785 1443 902 1506 etiamsi
925 1442 1085 1506 verissima
1105 1460 1143 1504 ac
1169 1439 1392 1523 perfectissima

354 1548 403 1626 sit,
426 1548 570 1628 quamdiu
591 1566 607 1609 a
628 1547 740 1629 populo
759 1547 812 1609 vel
829 1546 1004 1610 rectoribus
1023 1546 1092 1628 ejus
1110 1562 1172 1610 non
1196 1543 1393 1625 comprobtlt
1515 1537 1529 1565 “

355 1652 403 1729 sit,
419 1669 507 1716 nemo
522 1651 736 1731 obtemperare
746 1658 876 1715 tenetur.
901 1649 1002 1722 Quare
1016 1650 1208 1712 recentiores
1222 1647 1392 1730 pbilosopbi

252 1755 253 1758 ’
356 1755 434 1821 tales
449 1757 526 1838 justi
547 1755 671 1838 regulas
690 1754 728 1816 ab
743 1771 806 1816 uno
826 1753 1006 1834 pluribusve
1028 1752 1199 1835 propositus
1218 1754 1297 1828 ‚jue
1317 1753 1391 1812 ont·

350 1859 524 1934 beticam‘
541 1866 659 1922 vocant
698 1855 758 1920 Sed
774 1858 882 1920 verius
896 1864 944 1918 cst
958 1855 1080 1935 dicere,
1101 1873 1155 1920 eas
1171 1855 1251 1937 juris
1269 1871 1393 1917 normas

356 1981 417 2026 non
433 1979 520 2041 osse,
544 1981 611 2027 cum
634 1961 800 2035 dieterico,
824 1959 904 2040 quod
920 1960 1155 2042 appellavimus,
1173 1959 1253 2040 juris
1276 1955 1391 2021 lunda·

357 2073 457 2130 mento
472 2073 605 2130 careant

424 2169 462 2244 b)
485 2167 571 2243 Quod
591 2167 671 2248 apud
692 2168 839 2248 populum
856 2167 987 2248 aliquem
1004 2186 1061 2251 pro
1071 2169 1157 2249 justo
1170 2166 1319 2230 sancitum
1335 2173 1393 2242 est,

358 2289 428 2336 cum
455 2273 584 2334 omnium
605 2271 638 2334 in
662 2272 783 2335 civitate
810 2272 986 2355 degentium
1014 2271 1188 2336 voluntates
1212 2269 1394 2352 adstringat,

356 2375 476 2460 publica
492 2376 583 2438 tutela
593 2375 726 2438 munitur
741 2383 773 2436 et
788 2377 974 2439 coercitione
989 2375 1026 2438 ab
1035 2375 1254 2455 imperantibus
1268 2373 1392 2436 inhibiti

355 2485 548 2542 sustentetur.
586 2477 672 2552 Quae
694 2481 841 2542 coercitio
861 2498 953 2560 quum
972 2480 1070 2543 omnis
1089 2480 1158 2543 veri
1173 2470 1253 2561 juris
1268 2479 1394 2560 propria

355 2581 408 2660 sit,
429 2579 611 2656 Germaniae
634 2581 828 2662 philosophos
844 2583 916 2647 inde
930 2603 950 2646 a
964 2583 1116 2648 Thomasii
1132 2582 1321 2662 temporibus
1335 2599 1393 2644 co-

305 2687 307 2690 ’
356 2684 449 2768 pendi
471 2685 623 2748 licentiam
651 2685 707 2766 ipsi
732 2688 835 2767 justae
863 2693 992 2751 naturae
1018 2687 1139 2766 inesse,
1164 2687 1354 2768 argumentis
1375 2705 1394 2762 ι,

355 2789 450 2870 priori
465 2789 827 2870 sumptisdcmonstrare
846 2788 1001 2855 studuisse
1019 2809 1115 2874 supra
1134 2790 1291 2854 historiam
1313 2789 1393 2853 doc-

354 2894 454 2955 trinae
469 2899 593 2954 norbae
610 2900 790 2968 enarrantes
807 2897 855 2968 (ς.
874 2892 944 2967 11.)
960 2895 1081 2978 longius
1097 2893 1310 2977 expoenitens,-

421 2995 482 3060 Sed
497 2995 613 3061 frustm
628 2996 671 3060 illi
688 2997 745 3060 bac
761 2996 800 3058 de
815 3014 851 3058 re
866 2996 1052 3065 laborarunt
1090 2982 1229 3082 Copendi
1245 2998 1326 3060 enim
1342 2996 1392 3061 ia·

357 3100 453 3162 cultas
473 3117 532 3162 nec
549 3100 624 3180 iusti
639 3117 697 3162 nec
709 3101 790 3181 juris
812 3100 937 3164 notione
960 3102 1145 3179 continetur,
1169 3099 1225 3164 sed
1248 3108 1296 3163 est
1312 3099 1394 3182 juris

356 3202 508 3284 quoddam
523 3211 625 3266 mutua
640 3203 794 3267 lominum
809 3205 1013 3268 consensione
1023 3207 1087 3287 jam
1102 3203 1255 3268 constituti
1270 3204 1392 3283 pracsi-

356 3305 437 3370 dium
461 3315 493 3370 et
514 3306 736 3384 fulcimentum
763 3309 847 3390 justa
871 3326 908 3370 ac
934 3307 1068 3390 legitima
1093 3308 1164 3371 ideo
1185 3307 1237 3370 illa
1264 3305 1394 3370 dicenda

356 3418 531 3492 propterca,
545 3410 637 3490 quod,
646 3412 698 3490 qui
709 3412 789 3493 juris
804 3412 919 3474 normis
935 3411 1016 3491 apud
1032 3411 1174 3492 populum
1187 3411 1319 3492 aliquem
1333 3428 1392 3473 re·

358 3513 456 3594 ceptis
471 3514 521 3576 vel
536 3515 573 3576 ab
590 3531 628 3577 co
644 3515 784 3592 sancitis,
804 3532 876 3578 sese
896 3514 1032 3598 subjicit,
1052 3531 1105 3576 eas
1126 3522 1159 3576 ut
1173 3513 1317 3596 propriae
1331 3531 1392 3577 vo·

358 3617 478 3710 luntatis
494 3635 567 3692 suae
583 3617 693 3698 placita
709 3619 862 3702 agnoscit,
884 3624 916 3680 et
934 3605 1054 3698 nunties
1069 3618 1280 3701 amgistratu
1291 3616 1334 3680 ad
1349 3617 1392 3678 il·

358 3722 403 3787 us
418 3720 625 3787 observandas
642 3721 780 3804 cogitur,
800 3721 920 3786 nonnisi
934 3721 973 3784 ad
987 3721 1131 3803 propriae
1150 3721 1315 3784 voluntatis
1335 3737 1391 3783 ra-

356 3823 508 3904 tionisque
528 3842 602 3888 suae
625 3824 849 3906 praeceptionis
864 3824 1069 3895 observandas
1082 3823 1228 3907 adstringi
1246 3821 1393 3888 dmndaa

358 3934 415 4006 est,
431 3945 489 3990 noc
505 3928 543 3990 de
559 3928 667 4010 injuria
682 3929 739 3993 sibi
754 3929 838 3992 illata
855 3930 943 4009 queri
958 3936 1068 4008 potest

425 4029 551 4094 Constat
566 4033 672 4111 etiam,
694 4033 725 4094 in
746 4031 918 4096 civitatibus
938 4030 1027 4094 multa
1042 4047 1105 4094 non
1116 4031 1251 4113 justitiae
1266 4036 1319 4093 aut
1332 4046 1392 4092 ue-

359 4119 496 4216 stibulis,
520 4134 576 4198 sed
596 4125 730 4200 utilitatis
751 4145 803 4200 aut
823 4135 944 4219 pietatis
965 4153 1058 4201 causa
1077 4131 1189 4200 sanein
1204 4141 1236 4198 et
1248 4131 1392 4218 publicae
