3109 5292
654 571 719 636 tce

166 748 250 814 dant
277 747 356 814 Sani
373 749 505 832 denique
520 751 574 834 qui
586 751 821 834 generosiorem
832 752 923 816 linem
939 753 976 816 iis
992 753 1078 833 dent,
1098 754 1219 818 huma-¹

167 855 419 918 nitatis-etcnltus
428 864 581 938 perpetuo
596 864 786 919 crescentem
801 865 832 920 et
845 859 937 920 totius
947 860 1072 942 generis
1088 860 1220 924 humani

168 959 207 1022 ad
223 976 372 1023 summum
386 959 540 1024 felicitatis
555 969 586 1024 ct
600 960 800 1042 perfectionis
817 962 944 1044 gradum
965 963 1207 1045 productionem.

203 1094 206 1097 ,
235 1063 397 1127 licentem
412 1065 586 1149 diligentius
602 1073 765 1147 perspecta
780 1067 975 1130 verisimilius
999 1066 1131 1144 ridetur,
1147 1086 1221 1131 non·

167 1185 241 1233 esse
256 1187 347 1233 unum
363 1187 422 1232 nec
437 1178 562 1251 semper
576 1169 707 1232 eundem
722 1172 878 1235 civitatum
893 1171 993 1251 linem,
1004 1173 1060 1235 sed
1069 1191 1128 1255 pro
1138 1174 1208 1255 opi·

167 1275 261 1336 nione
277 1273 430 1336 bominum
455 1274 611 1338 societatis
631 1275 755 1338 vinculo
771 1279 944 1360 junctorum
964 1285 996 1340 et
1010 1270 1069 1359 pro
1086 1277 1209 1341 diversa

166 1378 356 1460 reipublicae
383 1377 596 1441 constitutione
621 1377 786 1443 diversum.
832 1380 921 1444 Nulla
946 1382 1024 1444 enim
1049 1389 1134 1444 certa
1158 1389 1210 1445 aut

168 1483 317 1546 destinata
332 1482 453 1565 legibus
467 1490 521 1544 aut
536 1481 658 1563 publice
673 1486 822 1564 exposita,
840 1493 893 1548 aut
906 1504 966 1548 una
987 1486 1119 1550 omnium
1142 1494 1211 1549 erat

168 1587 249 1670 apud
268 1587 405 1650 homines
425 1587 557 1650 coeundi
575 1589 607 1650 in
623 1587 795 1652 civitatibus
812 1605 905 1652 causa
923 1589 961 1664 1).
991 1590 1073 1654 lllud
1089 1589 1210 1671 quidem
1246 1589 1248 1594 ’

167 1699 302 1769 mactat,
321 1690 473 1762 bondnem
488 1690 526 1753 ad
542 1692 720 1755 societatem
740 1693 841 1771 nasci,
862 1711 920 1756 nec
940 1695 1089 1757 immerito
1105 1713 1122 1758 a
1138 1695 1209 1776 pbi-

166 1795 297 1877 losopbo
315 1795 415 1858 veteri
431 1794 633 1858 celeberrimo
647 1795 800 1860 aeilredo
810 1788 894 1872 ζῶον
909 1799 1066 1880 appellari,
1076 1797 1146 1861 ideo
1162 1799 1210 1860 ci-

166 1904 278 1966 vitates
290 1901 358 2003 ipsa
367 1909 477 1964 natura
493 1902 637 1964 constitui
650 1900 825 1964 dicendum:
842 1911 921 1981 cum,
938 1904 1111 1984 ubicunque
1128 1904 1221 1966 natio·

168 2007 221 2068 rel
234 2005 367 2088 populus
380 2007 564 2086 inveniatur,
584 2007 626 2068 ibi
642 2014 673 2068 et
688 2006 809 2087 quidam
826 2006 864 2069 sit
879 2007 943 2069 una'
954 2007 1078 2069 vivendi
1093 2007 1210 2083 modus,

168 2118 203 2173 et
216 2110 315 2191 aliqua
329 2111 450 2191 imperii
465 2110 587 2174 forma·
603 2109 680 2174 Cum
695 2118 797 2174 autem
813 2112 916 2193 populi
936 2111 1078 2195 ingenio,
1099 2111 1210 2174 huma-

167 2215 264 2278 nitate
279 2223 312 2276 et
326 2215 419 2293 cultu3
442 2221 475 2277 et
489 2215 635 2278 universa
649 2214 909 2279 vivendiratione
924 2217 954 2278 in
970 2214 1116 2278 inlinitum
1131 2217 1215 2278 inter

168 2318 375 2384 sedifferunt:
390 2336 453 2381 nou
468 2319 577 2382 eodem
594 2319 722 2382 consilio
738 2319 878 2384 civitates
894 2335 966 2382 suas
983 2319 1116 2382 condere
1133 2337 1211 2382 oon·-

170 2430 355 2502 suererunt,
379 2422 436 2485 sed
458 2424 490 2485 in
513 2424 551 2486 iis
576 2423 752 2487 ordinandis
773 2424 824 2486 alii
847 2423 883 2486 ad
905 2424 980 2486 alias
995 2421 1048 2486 res
1064 2433 1210 2505 spectant.

169 2527 262 2609 Apud
276 2528 387 2591 multos
403 2535 527 2591 mutuae
542 2529 717 2591 securitatis
738 2545 831 2592 causa
851 2528 1027 2608 respublica
1048 2531 1211 2592 constituta

169 2641 244 2711 est‚·
257 2633 405 2695 libertatis
430 2631 630 2694 stabiliendae
651 2633 749 2714 gratia
772 2631 854 2712 apud
874 2631 964 2707 alios3
987 2631 1037 2694 alii
1058 2632 1209 2713 publicam

170 2737 343 2801 felicitatem
357 2747 516 2819 quaerunt,
525 2738 575 2800 alii
587 2738 694 2800 altiora
701 2745 733 2798 et
742 2737 890 2800 nobiliora
906 2743 1084 2816 sequuntur.
1108 2735 1210 2801 Fuere

170 2851 299 2926 gentes,
320 2843 429 2923 quibus
451 2859 616 2924 supremus
635 2841 822 2923 reipublicae
843 2841 910 2903 linis
929 2842 961 2902 in
984 2840 1135 2924 religione
1156 2843 1208 2906 v'el

171 2948 303 3011 deorum
318 2948 402 3010 cultu
423 2946 619 3011 defendendo
642 2955 673 3010 et
692 2947 871 3028 incorrupte
895 2945 1048 3008 servande
1072 2947 1208 3010 existere
1316 2987 1325 3003 .

170 3053 256 3118 visus
273 3060 334 3132 est3
350 3054 429 3116 utin
443 3053 590 3134 imperiis,
605 3069 685 3133 quae
700 3051 900 3112 tlteocrctice
915 3058 1075 3129 vocantur,
1091 3051 1122 3113 in
1137 3052 1221 3132 quie·

169 3157 229 3220 bus
242 3157 301 3219 Dei
316 3159 439 3220 nomine
454 3175 569 3221 summa
585 3164 723 3239 potestas
738 3155 882 3218 exerceri
899 3154 1043 3217 creditur.

186 3296 188 3299 ·
227 3258 697 3325 '1380biberuntcivitatesinter
705 3278 740 3323 se
750 3260 899 3322 maximae
909 3276 1043 3322 summae
1052 3261 1210 3340 potestatis

170 3366 272 3430 inillis
289 3366 503 3428 constitutione
519 3373 550 3427 et
566 3364 781 3427 moderatione
808 3362 913 3426 Solent
923 3369 987 3426 tam
998 3372 1124 3426 veteres
1137 3365 1209 3446 pbi-

170 3469 289 3553 losopbi
303 3487 394 3550 quam
408 3470 602 3531 recentiores
611 3470 674 3531 tria
689 3466 989 3548 rerumpublicarum
1007 3485 1124 3551 genera
1141 3465 1208 3532 dis-

168 3576 329 3659 tinguere,
352 3575 490 3657 regium,
517 3575 691 3655 optimatum
714 3571 872 3653 imperium
895 3579 929 3632 et
950 3572 1111 3652 populare3
1141 3573 1209 3634 sive

168 3688 235 3746 tres
265 3679 455 3760 reipublicae
478 3678 593 3741 formas
616 3680 635 3740 i.
651 3679 691 3740 ess·
704 3676 941 3754 monarcbicam‚
965 3677 1207 3738 aristocraticam

169 3783 460 3848 etdemocraticam
487 3783 743 3846 consttutionem.
783 3780 836 3843 llis
866 3780 964 3842 tribus
991 3797 1067 3843 vero
1098 3781 1207 3859 omnia,

169 3895 381 3971 concertant,
397 3885 706 3968 rerumpublicarum
723 3903 841 3970 genera
856 3886 982 3948 minime·
994 3885 1208 3968 comprehendi

164 3997 229 4078 jam
251 3995 332 4057 inter
352 4011 459 4056 omnes
478 4001 605 4056 constat
645 3992 759 4066 Quodsi
784 4007 888 4054 omnes
911 3991 1032 4054 omnino
1055 3992 1208 4055 civitatum

226 4218 253 4286 t)
272 4217 367 4268 Cicero
384 4216 419 4267 de
435 4215 575 4283 republica
591 4213 639 4268 lib.
658 4214 707 4266 ΠΙ
727 4229 750 4266 c.
770 4213 795 4266 5.
