3109 5292
834 500 881 568 to

338 683 471 750 omunia
486 690 594 746 eontra
609 671 715 745 onines
730 679 875 759 oriretur,
884 677 1154 762 stagniqumtiu
1168 679 1295 742 interro
1305 677 1374 742 sot·

336 790 379 852 uti
400 790 431 852 in
453 795 534 850 statu
556 785 684 850 naturali
707 790 884 861 versantur,
913 784 1065 847 meussurn
1092 789 1226 844 utuntur.
1270 782 1374 846 Potest

338 893 429 956 etiam
444 893 577 968 „trutina
593 892 650 952 ista
666 889 823 950 litmoa“
837 888 958 950 serrari
974 885 1191 967 montosaque
1206 885 1284 948 efflei
1299 903 1375 948 eon·

286 1065 304 1078 „¹
336 1002 445 1058 tractu
461 996 584 1070 nociati,
593 1011 653 1074 quo
667 991 780 1075 singuli
794 1008 937 1052 omnam
951 1009 1038 1054 snam
1053 991 1223 1052 libertatem
1238 989 1269 1050 in
1283 1007 1375 1053 ununt

282 1079 294 1106 Γ
337 1099 511 1174 oonierunt,
535 1106 568 1161 et
587 1097 737 1161 communi
757 1095 891 1160 omniurn
910 1096 1064 1158 voluntate
1089 1102 1198 1159 exorta
1217 1095 1375 1155 libertatis

336 1206 578 1264 commonionem
596 1202 789 1264 constituunt
827 1201 914 1272 Quae
929 1201 1135 1277 communitas,
1155 1215 1224 1260 curn
1239 1216 1282 1260 ex
1295 1215 1376 1260 oon-

335 1307 517 1372 trahentium
547 1306 746 1368 universitate
774 1312 894 1367 constet
921 1305 1067 1386 populus,
1092 1304 1207 1366 otoitos
1235 1309 1375 1382 vocatur,

335 1429 424 1493 quae,
440 1410 579 1492 quoniam
595 1425 699 1472 ornnes
716 1409 934 1472 communitatis
950 1408 1075 1471 vinonio
1091 1409 1271 1490 oonjnnetos
1285 1408 1375 1491 regit,

335 1534 477 1597 suprema
493 1519 637 1591 potestas
654 1511 763 1574 dicitur
781 1511 819 1586 1).
858 1512 961 1586 Quare
975 1512 1182 1576 tantummodo
1202 1529 1300 1594 penes
1316 1531 1375 1594 po-

336 1621 440 1702 pulum
457 1628 488 1682 et
503 1637 650 1684 sumntum
667 1617 697 1678 in
713 1617 835 1680 civitate
850 1618 1010 1699 imperinm
1031 1619 1082 1696 (te
1096 1618 1229 1692 portauit·
1243 1620 1375 1679 suurn·

221 1745 223 1749 ¹
336 1724 414 1800 oin)
435 1731 483 1786 est
504 1729 535 1786 et
552 1722 619 1802 jus,
641 1721 723 1802 quod
744 1739 804 1784 neo
819 1721 945 1784 alienari
962 1739 1019 1784 neo
1034 1720 1128 1784 dividi
1142 1739 1201 1784 nee
1216 1720 1279 1784 utta
1294 1728 1376 1787 tent·

336 1828 420 1910 poris
435 1825 676 1909 praescriptione
693 1825 786 1888 amitti
802 1832 903 1906 potest
919 1823 959 1900 2).
997 1825 1101 1906 ltaque
1116 1843 1178 1888 non
1193 1825 1292 1888 solum
1307 1844 1377 1888 ma·

335 1932 479 2015 gistratus
503 1931 554 1992 vel
574 1931 625 2010 qui
645 1927 1113 2011 reipublicae*administrandae
1129 1937 1201 1992 sunt
1214 1929 1376 2010 propositi,

335 2037 392 2099 sed
412 2036 470 2119 ipsi
490 2036 580 2098 etiam
600 2051 711 2118 reges,
734 2035 760 2096 si
780 2034 848 2114 quis
873 2033 1003 2115 populus
1025 2051 1133 2096 eorum
1153 2034 1284 2115 imperio
1304 2051 1377 2118 sese

336 2139 475 2221 subjecit,
491 2138 564 2200 nihil
580 2139 638 2200 nisi
654 2137 742 2221 hujus
757 2145 976 2217 procuratores
997 2155 1068 2200 esse
1088 2137 1233 2200 videntur
1248 2145 1281 2200 ot
1295 2137 1377 2208 omni

336 2251 473 2323 tempore
491 2242 528 2303 ab
544 2259 582 2304 eo
599 2242 734 2304 amoveri
750 2248 877 2322 possunt
893 2238 950 2315 3)..
969 2241 1025 2304 Est
1043 2241 1137 2323 igitur
1151 2241 1203 2304 illa
1217 2243 1377 2316 poneretis

336 2346 443 2430 popuii
459 2354 550 2427 atque
567 2347 715 2408 absoluto
729 2344 870 2411 voluntas
886 2346 975 2409 sirnut
991 2345 1060 2408 fons
1075 2347 1174 2408 otonis
1184 2347 1273 2429 juris,
1288 2346 1377 2427 ipsa=

334 2470 394 2534 que
405 2451 478 2534 justi
495 2458 525 2512 et
541 2451 642 2532 injusti
663 2450 815 2519 distinctio
836 2467 897 2511 non
917 2451 975 2513 nisi
996 2451 1116 2533 tegibus
1132 2451 1170 2512 ab
1186 2468 1225 2512 eo
1240 2450 1309 2512 latis
1324 2449 1377 2510 tri-

335 2557 406 2618 titur
422 2553 463 2629 ⁴).
502 2554 539 2616 Ut
554 2572 630 2616 vero
651 2554 799 2636 ejusmodi
818 2558 948 2617 rodolto
970 2563 1155 2616 contractus
1173 2558 1245 2638 jure
1269 2553 1377 2616 valere

277 2678 279 2682 ⁴
334 2661 449 2742 possit,
474 2660 569 2722 semel
593 2659 700 2722 saitem
722 2662 788 2743 ejus
811 2661 934 2724 ineundi
954 2661 1053 2744 gratia
1078 2660 1212 2723 oninium
1233 2659 1377 2722 unanimo

335 2782 414 2846 opus
430 2772 477 2826 est
491 2761 686 2846 3111111ςί05).
711 2763 915 2846 Consequitur
930 2785 972 2828 ex
987 2767 1044 2844 tris,
1060 2765 1205 2827 moratern
1221 2764 1377 2827 hominurn

334 2877 473 2931 naturam
496 2868 608 2931 nullius
632 2871 774 2931 momenti
800 2869 916 2932 habere
940 2870 1156 2944 Roussoviunt3
1185 2868 1268 2930 nulia
1295 2867 1392 2930 euim,

335 2972 420 3033 novit
436 2972 531 3034 officia
547 2971 672 3034 moralia
686 2990 742 3034 sua
757 2975 789 3035 vi
805 2977 985 3049 constantim
1009 2992 1099 3037 omne
1116 2976 1168 3056 J'us
1188 2972 1255 3034 soto
1270 2971 1377 3052 popuii

336 3074 462 3136 arbitrio
478 3075 626 3137 contineri
642 3075 671 3137 ei
687 3075 816 3140 videtur.
839 3077 894 3141 Jus
909 3086 1009 3141 tamen
1023 3080 1124 3160 ipsum
1139 3078 1180 3139 ita
1194 3084 1280 3157 putat
1295 3092 1377 3137 eou-

336 3176 517 3240 stituendunt
534 3195 614 3256 esse,
623 3188 656 3241 ut
671 3180 801 3262 singuiis
810 3200 847 3243 ea
858 3185 928 3264 jura
944 3181 1163 3258 concedantur,
1178 3198 1261 3260 quae
1275 3179 1377 3241 homi-

337 3296 393 3341 nes
409 3280 491 3372 civiti
514 3283 662 3346 societate
684 3285 835 3365 conjuncti
851 3286 909 3347 sibi
925 3287 1061 3348 retinere
1077 3285 1213 3347 voluisse
1230 3281 1378 3345 censendi

337 3382 396 3443 sint
412 3379 452 3456 ⁶).
887 3454 889 3456 ¹

403 3485 500 3549 Jnotis
516 3487 562 3551 his
574 3490 653 3572 juris
670 3490 784 3572 publici
799 3492 956 3574 generalis
978 3491 1179 3556 fundamentis
1201 3491 1305 3557 varias
1319 3508 1379 3552 ro-

392 3687 416 3753 1)
435 3689 515 3738 Lirro
535 3688 555 3738 t.
575 3689 616 3740 eh.
638 3693 661 3740 6,

390 3777 419 3841 2)
438 3776 517 3824 Lirre
535 3776 570 3825 11.
590 3777 631 3826 oh.
653 3781 675 3827 1.
696 3783 720 3828 2.

390 3861 582 3925 3)Liv10111.
602 3862 642 3913 eln
663 3863 684 3912 Ι.

390 3951 406 3996 t
