3109 5292
811 507 856 572 24

318 686 436 752 Nemini
452 694 552 752 autem
567 695 675 754 natura
691 688 834 771 competit
848 689 900 772 jas
918 688 949 752 in
969 690 1106 753 actiones
1125 688 1267 768 alterius,
1289 684 1351 750 nisi

316 793 433 876 petenti
447 792 548 875 inopii
563 801 652 876 atque
666 792 845 877 indigentia3
861 802 893 856 et
903 801 1027 859 eatenus
1041 803 1155 860 tantum
1164 795 1251 858 nobis
1260 811 1349 858 com·

317 901 393 982 petit
407 900 473 981 ipsa
487 907 595 964 natura
607 901 667 983 jos,
688 900 762 963 alios
778 897 817 962 ad
832 908 931 962 certas
946 901 1167 982 praestationes
1182 898 1349 984 obligandi,

317 1007 358 1069 ita
374 1013 416 1084 ut,
440 1007 467 1069 si
482 1006 590 1084 nolint,
612 1005 650 1069 atl
666 1002 876 1088 praestandum
891 1006 977 1082 adipi
991 1006 1118 1087 possint
1148 1005 1222 1068 lnde
1237 1004 1349 1068 dill'er-

317 1113 398 1177 entia
412 1111 490 1174 inter
505 1111 720 1194 obligationem
735 1108 913 1192 perlectam,
934 1111 972 1174 ad
987 1131 1073 1194 qaam
1088 1111 1265 1195 implendam
1279 1110 1349 1193 quis

317 1219 354 1282 ab
369 1219 428 1282 alio
444 1218 513 1302 cogi
528 1224 638 1300 potest,
662 1225 693 1279 et
707 1215 934 1298 imperfectam,
957 1219 1090 1300 itemque
1112 1219 1193 1280 inter
1203 1220 1255 1301 Jus
1270 1233 1349 1299 per-

316 1327 429 1391 lectum
446 1333 477 1387 et
490 1324 700 1407 imperfectum
715 1321 947 1406 proficiscens
987 1321 1081 1387 „Com
1101 1324 1263 1407 obligatio,
1289 1341 1350 1404 qus

316 1432 417 1511 bomo,
440 1439 590 1513 quatenus
605 1427 693 1493 bomo
709 1436 766 1508 est,
790 1436 922 1509 tenetur,
945 1430 984 1493 ad
998 1447 1103 1494 omnes
1119 1430 1256 1494 homines
1270 1447 1349 1513 pcr-

317 1537 423 1616 tinent,
438 1539 511 1619 jura
525 1551 657 1616 quoque,
673 1551 751 1614 qaae
766 1534 876 1598 bomini
892 1544 1076 1618 competunt,
1092 1543 1240 1619 quatenus
1255 1536 1349 1599 borno

317 1649 374 1721 est,
390 1640 428 1704 ad
444 1657 547 1704 omnes
563 1639 729 1722 pertinens
753 1650 785 1705 et
798 1643 938 1724 quoniam
953 1644 1089 1729 homines
1102 1651 1209 1708 natura
1225 1662 1348 1722 amaa·

316 1750 361 1809 les
377 1754 455 1825 sunt,
479 1745 517 1809 ad
533 1764 586 1825 ea,
609 1763 687 1828 quae
703 1747 754 1810 alii
769 1748 806 1810 iis
821 1746 946 1826 debent,
967 1757 998 1812 et
1012 1749 1069 1831 ipsi
1085 1749 1151 1813 aliis
1167 1748 1349 1833 obligantur.

316 1853 389 1918 Sunt
404 1860 503 1916 autem
518 1853 665 1933 quaedam
686 1851 887 1936 obligationes
909 1860 1073 1933 cannatae,
1097 1854 1179 1918 undo
1193 1855 1246 1937 jus
1269 1871 1349 1916 ocn-

316 1969 436 2040 natum,
459 1959 539 2041 quod
560 1959 600 2022 ita
619 1959 730 2024 bomini
750 1958 903 2038 inhaeret,
925 1966 959 2022 ut
977 1959 1094 2022 auferri
1109 1978 1170 2024 oon
1184 1961 1282 2042 possit
1298 1957 1348 2034 ¹);

317 2075 348 2131 ct
363 2086 431 2130 cum
446 2066 543 2149 vulgo
557 2065 668 2129 nemini
679 2067 729 2149 jus
739 2066 775 2128 in
791 2065 916 2128 alterius
931 2066 1066 2129 actiones
1081 2074 1242 2148 competat,
1259 2067 1349 2148 ejus·

316 2172 395 2236 modi
405 2173 476 2254 Jura
492 2179 619 2236 connata
634 2171 794 2234 libertatis
814 2177 904 2252 atque
924 2173 1126 2250 aequalitatis
1143 2175 1229 2256 Jura,
1252 2173 1349 2236 item-

279 2354 283 2358 ·
316 2299 376 2363 quc
387 2282 439 2364 jas
455 2280 638 2341 securitatis
649 2281 763 2363 jusque
778 2278 1124 2352 naturalcdefeasicais
1139 2296 1176 2340 ac
1186 2279 1238 2361 jos
1252 2278 1348 2353 puci-

317 2387 387 2447 endi
402 2385 549 2464 dicuntur,
566 2385 677 2467 quippe
693 2386 759 2448 sine
775 2383 885 2466 quibus
900 2383 1084 2447 naturalibos
1099 2382 1149 2458 (id
1165 2391 1213 2446 est
1227 2400 1348 2446 conna-

316 2493 372 2568 tis)
388 2489 618 2576 obligationibus
635 2491 774 2555 satisfieri
789 2498 927 2574 nequeat
948 2489 1090 2571 Sequitur
1109 2487 1195 2565 inde,
1223 2495 1258 2551 ut
1277 2505 1348 2550 crn-

316 2599 365 2662 nla
381 2596 456 2660 baec
467 2599 538 2681 jura
554 2597 637 2680 exigi
653 2597 783 2681 cogique
798 2616 839 2660 ex
854 2597 920 2660 aliis
935 2596 1061 2677 possint,
1084 2600 1115 2657 et
1134 2594 1162 2656 si
1181 2594 1361 2671 violentur,

318 2702 357 2766 ob
372 2703 509 2786 injuriam
529 2701 616 2764 nobis
637 2702 746 2765 illatam
757 2705 809 2786 jus
824 2702 897 2765 belli
912 2697 1000 2764 nobis
1016 2707 1167 2782 competet
1180 2697 1222 2775 ¹).
1253 2698 1349 2764 Atta·
1427 2691 1430 2695 ’

317 2825 386 2870 men
402 2825 462 2870 non
478 2805 575 2870 solum
587 2810 656 2889 jura
672 2816 815 2887 connata,
838 2806 894 2870 sed
914 2808 1002 2870 etiam
1021 2807 1165 2888 aequisita
1184 2805 1271 2868 nobis
1287 2825 1348 2870 ao-

318 2912 401 2975 lerre
417 2929 476 2974 non
492 2911 575 2990 licet,
591 2910 720 2994 ideoque
736 2929 826 2974 nemo
842 2912 880 2974 ab
894 2911 1078 2996 obligatione
1093 2929 1169 2994 erga
1184 2911 1262 2974 alios
1278 2930 1295 2973 a
1312 2926 1348 2974 s‘e

318 3024 473 3080 contracta
490 3017 554 3079 sinc
577 3017 684 3098 injuria
708 3033 778 3080 sese
800 3016 930 3079 liberare
953 3013 1103 3098 potest³).
1119 3014 1231 3080 Cetera
1247 3017 1348 3079 omnia

317 3121 436 3184 nonnisi
451 3119 642 3184 humanitatis
658 3121 753 3184 oilicia
762 3129 833 3184 sont
844 3129 875 3183 et
888 3121 1075 3204 imperfecta,
1085 3140 1153 3184 nam
1163 3123 1194 3183 in
1203 3122 1241 3184 iis
1249 3136 1347 3203 prae-

318 3225 432 3290 standis
447 3225 671 3308 respiciendum
687 3233 735 3288 est
745 3226 890 3310 judicium
906 3234 938 3288 ct
952 3229 1029 3309 ejus,
1049 3227 1100 3306 qui
1115 3234 1259 3307 praestat,
1274 3244 1348 3290 num

319 3332 447 3412 exsequi
461 3331 512 3394 illa
528 3333 632 3413 possit,
657 3341 687 3394 et
702 3333 783 3415 ejus,
806 3333 857 3412 qui
871 3332 944 3414 petit
957 3330 1135 3413 indigentia
1158 3332 1291 3414 ideoque
1307 3332 1348 3395 ad

320 3457 355 3500 ea
372 3435 552 3520 praestanda
566 3453 656 3498 nemo
671 3438 739 3519 cogi
754 3445 866 3518 potest,
887 3436 959 3498 licet
971 3435 1010 3513 is,
1025 3436 1076 3516 qui
1091 3436 1221 3500 cilicium
1236 3438 1348 3502 bume-

318 3542 440 3605 nitatitis
457 3541 522 3604 sine
533 3542 603 3623 jure
623 3540 661 3614 (i.
678 3557 705 3602 e.
721 3542 786 3603 sine
802 3541 936 3616 ratione)
954 3547 1059 3623 negat,
1083 3556 1217 3622 peccare
1234 3542 1347 3606 ridea-

318 3656 388 3712 turss
405 3644 447 3722 ⁴).

385 3752 471 3826 Quae
486 3770 576 3834 mum
591 3751 633 3814 ita
648 3750 716 3829 sint,
727 3752 780 3834 jus
794 3751 933 3815 naturale
946 3751 1125 3816 Wclbanum
1141 3754 1347 3836 complexum,

321 3857 545 3870 m

375 3895 398 3960 1)
417 3895 503 3946 Instit.
512 3897 533 3961 j.
546 3897 577 3948 N.
591 3899 614 3960 5.
628 3899 669 3948 69.
684 3900 725 3948 70.
739 3901 781 3946 72.
795 3897 836 3948 75.

373 3982 399 4048 2)
418 3983 482 4033 Inst.
501 3985 524 4046 §-
544 3985 585 4035 95.
605 3985 646 4035 98.
666 3985 707 4035 99.

373 4069 400 4134 9)
418 4069 482 4120 Inst.
501 4073 524 4133 §-
546 4073 602 4120 100.
623 4073 665 4122 79.

372 4155 400 4226 4)
418 4155 482 4206 lust.
500 4159 524 4220 ᾗ.
544 4158 585 4212 79.
