3109 5292
380 731 416 794 li.
437 729 564 794 Publica
579 729 645 791 sire
659 724 784 810 politia
803 723 929 788 libertas
945 725 1080 790 musistit
1095 723 1126 788 in
1139 721 1364 808 sumturum

316 843 349 900 ct
370 838 519 899 bonorum
539 835 612 916 jure
632 841 665 894 et
685 834 717 896 in
739 831 872 894 omnium
895 830 1017 894 licentia
1045 829 1085 892 de
1109 829 1238 911 publicis
1262 827 1364 892 rebus

316 938 489 1018 scribendi,
512 946 566 1002 aut
589 938 620 1000 in
636 934 839 1000 conventibus
858 933 898 997 (le
919 934 958 996 iis
977 934 1274 1016 deliberandiatque
1289 931 1359 998 bis·

318 1044 452 1127 putandi.
690 1068 695 1077 ·
1178 1069 1180 1074 ·
1254 1087 1258 1092 -

386 1147 508 1229 lieapse
524 1155 618 1229 patet,
634 1144 756 1227 publica
771 1145 847 1208 baec
863 1145 1016 1210 libertatis·
1024 1147 1096 1229 jura
1104 1145 1223 1209 nonnisi
1235 1145 1265 1208 in
1276 1143 1365 1208 libe·-

317 1254 361 1316 ris
376 1252 548 1316 civitatibus
563 1251 651 1332 quasi
670 1249 904 1314 fundamentalia
919 1252 1052 1315 omnium
1066 1251 1179 1314 civium
1195 1251 1267 1334 jura
1288 1263 1362 1313 csse

317 1359 426 1422 usitata
441 1357 625 1440 legibusque
639 1356 764 1420 lirmate

384 1459 437 1526 81.
460 1461 535 1526 Sunt
550 1479 628 1544 ergo
648 1468 781 1541 quatuor
797 1460 1023 1543 jurisqenera,
1046 1467 1124 1540 quaa
1145 1477 1185 1521 ex
1205 1475 1364 1541 personae

319 1575 401 1632 matu
417 1575 556 1648 tanquam
571 1583 660 1629 esso
676 1564 762 1629 fonte
777 1565 1023 1647 proficiscuntur.
1044 1563 1245 1628 blinm‘reete
1261 1572 1363 1628 autum

319 1673 512 1737 recentiores
527 1671 608 1754 juris
628 1671 775 1734 naturmm
793 1670 844 1732 vel
864 1669 979 1752 publici
1000 1669 1167 1751 scriptores
1184 1687 1221 1732 en
1236 1685 1315 1730 ocra
1330 1675 1364 1732 ct

238 1760 240 1763 ’
319 1775 780 1846 accuratedistinctaiaraesse
794 1775 1007 1855 atunicuique
1018 1774 1224 1857 quasiagnata
1232 1789 1362 1854 compe·

319 1891 388 1946 tere
403 1879 586 1958 docueram,
602 1897 698 1961 eaque
714 1879 791 1943 falsa
800 1879 946 1962 opinione
954 1880 992 1942 -in
1000 1878 1112 1962 vulgus
1121 1887 1287 1962 propagata
1298 1895 1361 1940 non

319 2003 393 2050 raro
401 1985 602 2049 seditionibus
613 1984 774 2050 morandis
789 1983 999 2066 proiecerunt.
1019 1981 1081 2072 Eos
1087 1983 1118 2044 in
1125 1999 1234 2046 errare
1243 1982 1363 2047 versari

321 2090 412 2156 facile
435 2091 631 2172 perspicitur.
661 2088 783 2153 Nullum
800 2089 854 2170 ius
874 2088 963 2151 alicui
984 2095 1160 2170 compatere
1180 2095 1280 2169 patet,
1303 2087 1363 2152 uisi

322 2195 403 2278 quod
420 2193 576 2257 delinitum
590 2193 610 2255 i.
626 2212 654 2256 e.
671 2193 771 2256 certis
783 2193 892 2256 linibus
908 2193 1086 2256 conclusum
1102 2193 1154 2268 sit;
1178 2191 1300 2259 infinita
1312 2200 1366 2256 aut

323 2299 441 2361 incerta
456 2297 537 2360 nulla
552 2306 624 2361 sunt
633 2300 714 2380 Jura.
748 2296 869 2360 Debent
885 2315 962 2380 crgo
978 2298 1079 2360 omnia
1091 2299 1179 2380 jura,
1195 2315 1282 2379 quae
1302 2297 1364 2362 bu-

324 2402 396 2464 mini
418 2418 572 2482 personne
595 2402 740 2484 qualitate
762 2401 875 2465 fruenti
896 2403 1095 2466 concedenda
1115 2409 1203 2480 sunt,
1225 2401 1365 2464 terminis

323 2507 565 2570 accuratioribus
580 2507 712 2584 limitari,
728 2525 767 2568 ne
785 2508 882 2569 omnia
899 2505 1131 2570 confundentem
1160 2507 1269 2572 inanes
1285 2525 1365 2590 erqo

294 2689 297 2692 ‚
323 2612 417 2676 immo
432 2611 629 2693 periculosae
643 2611 734 2674 luere
750 2610 892 2693 publicae
907 2611 976 2674 illae
987 2613 1074 2682 iuris
1092 2613 1251 2674 asininum
1270 2617 1301 2674 et
1317 2615 1365 2674 ci-

323 2718 407 2780 atam
421 2717 666 2793 summationem,
686 2717 799 2797 quibas
814 2716 952 2780 mnnibm
967 2719 1124 2794 personae
1139 2719 1365 2780 motatorem-

325 2840 384 2899 que
404 2822 645 2898 inviolabilitas,
665 2822 827 2895 retipiona'r
848 2829 881 2882 et
896 2823 1047 2886 samniae
1067 2825 1201 2885 tuerer
1221 2828 1274 2898 (ut
1287 2823 1369 2886 hacc

325 2926 436 2990 cisium
451 2925 614 3008 privilegia
626 2925 785 3007 appellare
802 2932 1049 3003 consueverunt)
1063 2927 1163 2990 aliave
1172 2929 1282 2992 similia
1294 2929 1366 3010 J‘ura

325 3029 577 3112 promittebantur
597 3029 636 3104 ¹).
690 3029 778 3094 Vitae
802 3033 1003 3112 corporisque
1033 3032 1224 3096 incolumitas
1253 3033 1367 3096 menna

326 3142 374 3197 est
387 3133 510 3216 legibus
526 3135 722 3214 poenalibus;
744 3136 818 3198 item
834 3139 885 3218 jus
900 3135 1134 3200 existimationis
1157 3145 1190 3200 et
1210 3137 1367 3219 punienda

326 3237 475 3300 libertatis
498 3244 621 3300 nostrae
646 3239 683 3300 ab
708 3239 776 3302 eliis
800 3247 918 3304 tentata
940 3241 1042 3304 laesio.
1063 3240 1166 3304 ¹Varia
1185 3249 1285 3305 autem
1306 3242 1367 3320 ills,

326 3359 406 3424 quac
427 3343 651 3409 numeravimus
673 3342 821 3408 libertatis
842 3352 922 3408 statu
943 3343 1165 3426 comprcbcnsa
1181 3347 1253 3427 jura
1271 3347 1367 3408 certis

327 3445 518 3527 definitisque
542 3447 622 3529 juris
645 3449 744 3510 civilis
772 3450 887 3512 normis
911 3449 1093 3530 explicanda
1121 3467 1157 3512 ac
1179 3449 1367 3514 modcrmtda

326 3558 482 3632 suntque
498 3550 578 3614 iacto
594 3551 715 3615 demum
731 3561 871 3635 tanquam
887 3571 961 3616 vera
983 3561 1013 3618 ct
1033 3554 1172 3618 distincta
1187 3556 1259 3636 jura
1275 3555 1370 3619 alicui

326 3651 463 3735 quaesita
487 3671 558 3717 esse
582 3664 718 3737 possunt
755 3655 832 3720 lllud
854 3665 954 3722 tamen
976 3666 1108 3738 cunstat,
1129 3660 1229 3722 omnia
1240 3660 1313 3741 jura
1329 3659 1367 3721 sd

327 3767 456 3842 quatuor
477 3759 528 3822 illa
543 3777 662 3833 peram
678 3763 945 3842 possessiouem,
969 3762 1100 3846 ideoque
1116 3772 1147 3826 et
1159 3771 1293 3844 quatuor
1306 3761 1366 3826 alc·

327 3864 483 3942 lictorum,
506 3883 586 3945 quae
604 3865 635 3927 in
650 3865 727 3928 alios
744 3867 889 3930 committi
910 3875 1087 3948 possuntct
1106 3869 1231 3934 totidem
1246 3880 1367 3952 poena-

327 3985 397 4031 rum
412 3968 608 4050 publicarum·
619 3987 736 4053 mucra
751 3970 985 4055 distinguuntur.

384 4114 409 4177 1)
421 4113 535 4178 Egregie
548 4113 580 4162 (le
593 4113 635 4163 bia
647 4114 746 4165 maltos
764 4121 825 4166 ante
839 4131 921 4166 annos
935 4115 1060 4168 disseruit
1073 4117 1228 4170 Bentbam
1241 4123 1268 4169 et
1279 4121 1369 4170 noris-

329 4198 395 4250 sima
408 4197 881 4264 Schlitnaubergariusuolibro:
894 4201 931 4254 les
941 4203 1220 4259 loirdel'ordresoca'al
1234 4202 1372 4258 LirraIX.³
