3109 5292
862 567 908 634 46

364 753 459 810 tentat
478 755 570 828 utque
592 746 669 810 haee
692 747 761 810 iere
782 747 928 828 disputat:
951 747 989 811 cb
1011 701 1077 831 Epo
1100 747 1139 822 (i
1154 765 1182 810 e.
1201 744 1356 823 hominem
1374 743 1405 805 in

364 850 518 914 obstructo
540 855 686 925 sumtum)
708 868 743 914 se
762 851 893 914 liberum
914 869 1106 934 cognoscens
1126 867 1163 914 uc
1184 849 1318 928 habens,
1343 865 1405 910 ne·
1508 885 1512 893 ·

364 956 501 1018 comario
519 963 550 1018 et
565 955 650 1033 aiios,
666 963 808 1036 tanquam
824 956 883 1019 sibi
898 957 1021 1020 omniuo
1036 973 1143 1037 pares,
1165 964 1200 1019 ut
1213 954 1330 1017 liberos
1344 971 1405 1034 egb

362 1075 493 1121 noscere
510 1067 540 1120 et
555 1065 690 1121 tractare
706 1075 741 1122 se
758 1058 875 1122 debere
891 1078 1010 1143 negare
1025 1078 1086 1123 uon
1102 1077 1210 1140 posse;
1233 1057 1306 1120 inde
1321 1055 1405 1118 nasei

363 1162 511 1225 libertatis
527 1164 770 1226 communitatem
785 1165 866 1226 inter
887 1181 1011 1242 omues,
1036 1163 1169 1226 omnium
1193 1158 1349 1224 consensu
1362 1160 1405 1221 ita

364 1265 577 1345 ordinandam,
597 1273 631 1331 ut
653 1268 782 1350 singuiis
799 1269 877 1351 juris
896 1269 1055 1348 provincia
1076 1268 1169 1331 certis
1185 1266 1323 1330 terminis
1338 1264 1406 1326 oir-

364 1371 545 1452 cumscripta
562 1372 748 1452 acquiratur,
772 1371 854 1453 quod
872 1371 1077 1436 Roussovium
1098 1378 1224 1435 secutus
1246 1373 1407 1433 contractu

365 1474 471 1536 sociali
494 1472 575 1536 effici
597 1474 760 1538 contendit
798 1475 915 1538 Nemini
939 1494 1016 1559 ergo
1038 1477 1069 1538 in
1089 1484 1170 1540 statu
1188 1474 1317 1539 naturali
1334 1474 1407 1554 jura

365 1577 521 1657 speciatim
538 1575 659 1640 definita
676 1596 768 1660 posse
786 1587 974 1660 competere,
984 1579 1303 1655 omniutuncriemum,
1313 1593 1406 1657 quum

365 1681 454 1762 leges
470 1682 531 1744 sint
545 1681 638 1761 lutae,
662 1684 814 1766 incipere,
838 1685 893 1747 bas
915 1693 1014 1747 autem
1030 1684 1108 1746 tales
1123 1700 1196 1746 esse
1212 1682 1348 1758 debere,
1367 1695 1409 1740 uo

366 1784 420 1846 ulti
435 1785 548 1847 bomini
559 1788 629 1869 jura
645 1788 746 1850 natira
762 1791 830 1870 eJus
845 1789 987 1852 libertate
995 1789 1174 1851 necessario
1183 1773 1410 1867 comprehensa

353 1888 511 1951 ,tollantur
535 1897 586 1953 aut
609 1891 731 1954 nimium
755 1900 957 1956 coarctentur.
996 1890 1254 1965 Quemadmodum
1273 1895 1362 1951 recte
1376 1885 1410 1948 id

336 2054 339 2062 .
366 1992 433 2056 heri
448 1995 560 2074 possit,
583 1996 613 2056 in
630 1996 722 2059 variis
738 1997 863 2076 scriptis
879 1997 929 2060 vei
945 1997 984 2059 ab
998 1996 1068 2078 ipso
1081 1996 1132 2058 voi
1147 2003 1220 2076 post
1233 1995 1303 2076 ejus
1319 2009 1409 2054 mor·
1517 2071 1520 2076 Ι

366 2096 532 2160 temenitis
550 2099 674 2180 exponit
691 2097 730 2172 1).

432 2196 485 2260 28.
508 2201 606 2264 Kantii
621 2209 673 2264 aut
694 2201 802 2264 Ficbtii
817 2201 857 2264 de
867 2203 948 2284 juris
962 2203 1110 2265 naturalis
1124 2201 1321 2264 fundamento
1334 2199 1408 2280 pia-

367 2305 426 2367 cita
440 2305 560 2385 plurimi
576 2313 635 2370 tum
651 2305 823 2387 philosophi
838 2308 1105 2387 scriptoresquum
1116 2290 1332 2390 jurisconsulti
1347 2320 1409 2383 ap·

367 2408 590 2492 probaverunt,
611 2409 666 2471 sed
690 2427 785 2490 saepe
806 2411 837 2472 in
860 2410 947 2473 abiam
969 2409 1131 2473 iormuinm
1147 2409 1273 2472 reductu
1288 2423 1410 2487 prmo-

368 2521 502 2574 suerunt.
541 2511 624 2575 luter
646 2530 722 2594 quos
745 2532 776 2575 v.
790 2531 822 2596 g.
845 2517 1077 2590 nequeuntes,
1099 2510 1308 2596 philosopbiue
1329 2526 1408 2590 pro-

290 2693 292 2697 ,
367 2614 468 2678 iesum
479 2615 655 2698 Lipsiensis,
670 2617 711 2680 ita
727 2635 875 2681 summum
886 2618 965 2700 juris
979 2619 1161 2700 principium
1177 2615 1298 2680 debuitz
1311 2613 1408 2677 omit-

366 2725 414 2780 tas
430 2719 527 2780 omniu
550 2719 645 2796 suctu,
666 2720 775 2800 quibus
798 2722 983 2803 perpetratis
1002 2722 1033 2783 in
1054 2723 1121 2784 aliis
1136 2714 1312 2803 qualitatem
1328 2717 1409 2780 eutis

367 2821 486 2885 cutione
502 2822 630 2902 praediti
645 2839 706 2884 non
723 2840 921 2906 agnosceres.

433 2929 594 3000 Submota,
605 2924 685 3006 juris
700 2926 858 3006 professor
872 2927 1092 2992 berolinensis:
1116 2927 1332 2990 humanitatem
1348 2933 1410 2988 tam

368 3030 401 3090 in
414 3037 476 3105 tue,
484 3046 572 3108 quum
587 3029 618 3090 in
632 3027 760 3090 aliorum
772 3031 914 3110 personis
929 3040 1058 3114 propter
1072 3038 1172 3094 semet
1185 3032 1281 3112 ipsam
1298 3029 1410 3092 colen-

369 3131 437 3194 dum
458 3140 543 3212 puta,
567 3151 666 3213 neque
686 3134 745 3196 ulio
760 3140 902 3216 tunquam
917 3154 953 3198 re
968 3137 1019 3198 vel
1033 3135 1134 3198 medio
1150 3135 1291 3197 abutere.
1315 3130 1410 3196 Sum-

369 3251 448 3297 mum
464 3235 645 3317 principium
655 3237 735 3318 juris
751 3247 798 3301 est
813 3239 962 3302 humanae
978 3237 1133 3320 digrritntis
1149 3237 1275 3319 agnitio.

437 3341 553 3415 Boon,
565 3341 588 3420 j.
604 3339 681 3419 proi.
698 3339 938 3424 Goettingensio:
950 3344 1001 3425 J'us
1017 3349 1066 3403 est
1080 3340 1220 3417 facultas,
1235 3356 1318 3420 quoe
1333 3353 1411 3400 mr·

370 3441 448 3504 citur
462 3459 504 3503 ex
518 3443 647 3504 omnium
668 3450 771 3507 mutuo
795 3445 876 3507 inter
897 3464 933 3508 se
951 3446 1109 3524 libertate,
1131 3463 1193 3526 quo
1216 3443 1332 3526 singuli
1352 3459 1411 3523 pro

369 3546 510 3624 personis
525 3547 591 3626 pari
607 3545 754 3628 dignitate
770 3547 942 3612 fruentibus
958 3548 1109 3612 habentur
1124 3558 1156 3612 et
1171 3555 1353 3612 mactantur.

437 3653 539 3725 lirum,
563 3647 635 3730 phil.
657 3649 738 3731 proi.
760 3650 940 3732 Lipsiensis:
969 3654 1068 3715 omnis
1090 3653 1183 3716 bomo
1207 3653 1287 3715 iiber
1308 3658 1359 3714 eut
1381 3657 1412 3712 et

369 3769 512 3834 persona,
535 3751 667 3833 ideoque
682 3753 856 3826 ἀυτοτελής.
894 3755 1047 3829 Quocirca
1062 3773 1209 3821 summum
1222 3757 1305 3838 juris
1319 3755 1411 3837 prin·

370 3875 607 3892 *tho—*affl

376 3979 380 3986 ,
426 3929 449 3991 l)
469 3928 521 3978 Cir.
541 3929 665 3992 Fiohte,
689 3927 777 3980 Beden
798 3931 860 3981 siber
880 3931 1109 3997 disfranzbar'ucbe
1131 3931 1284 3984 Resolutn‘on
1304 3932 1413 3997 (1Ὶ93);

371 4009 416 4062 der
431 4015 600 4078 peecbloosene
611 4015 799 4067 Hondelcotcat
816 4019 920 4085 (1800);
938 4021 1048 4084 ejusque
1066 4018 1172 4083 System
1190 4018 1237 4068 der
1248 4015 1415 4069 emmetra

371 4097 425 4147 und
444 4098 485 4148 die
502 4098 657 4152 Staculebre
674 4104 703 4151 iu
722 4119 782 4169 opp.
802 4104 837 4154 nb
856 4107 911 4170 ejus
934 4105 989 4156 filio
1011 4105 1201 4171 portenditis
1220 4111 1239 4156 t.
1259 4105 1296 4155 11.
1315 4104 1366 4154 ΠΙ.
1385 4109 1412 4153 et

372 4184 399 4236 iu
417 4197 478 4250 opp.
497 4186 618 4238 omnibus
637 4193 655 4238 t.
674 4187 734 4240 VII.
