3109 5292
666 599 707 664 st

165 779 270 838 neate
284 779 355 854 post
370 782 454 840 'certa
470 773 618 858 quaedam
635 779 782 858 temporis
792 779 946 844 curricula
961 779 1049 865 leges
1063 781 1207 866 vigentes

164 877 355 958 examinent,
379 889 624 962 recenseantque
645 888 677 944 et
699 899 774 962 quas
795 885 975 967 rejiciendas
998 890 1207 971 cognoverint,

167 979 309 1064 abrogari
324 991 442 1047 curent.

235 1090 271 1161 c)
294 1085 412 1151 Deinde
432 1089 505 1152 illud
528 1108 649 1170 quoque
674 1092 891 1172 reputandum,
912 1111 984 1173 eos,
1004 1097 1058 1176 qui
1071 1116 1132 1161 nou
1149 1117 1207 1181 per

166 1191 341 1270 superbiam
366 1200 418 1256 aut
442 1192 671 1257 maleficentiam
687 1195 742 1259 sed
752 1197 889 1278 justitiae
904 1197 1088 1264 sublimioris
1103 1220 1207 1266 amore

58 1377 59 1382 ἵ
167 1294 344 1376 patriaeque
371 1297 499 1362 caritate
528 1298 611 1362 ducti
641 1300 745 1382 legum
773 1300 941 1384 vigentium
970 1307 1207 1388 praeceptiones

165 1398 358 1480 violaverint,
376 1399 480 1464 delicti
495 1404 594 1486 gratia
610 1404 661 1467 vel
677 1423 796 1486 poenae
812 1408 992 1471 remissione
1008 1408 1119 1493 dignos
1135 1428 1206 1474 esse

165 1501 334 1568 habendos.

231 1607 372 1690 lienique
392 1627 516 1692 semper
538 1611 642 1695 legum
657 1611 794 1676 durities
820 1615 908 1678 bouis
930 1625 961 1679 et
982 1617 1089 1697 aequis
1110 1637 1207 1700 prae-

165 1713 264 1793 ceptis
287 1733 303 1776 a
324 1732 427 1779 rerum
448 1716 636 1798 publicarum
657 1718 913 1800 gubernatoribus
935 1725 1126 1804 temperetur
1146 1742 1207 1786 ne·-

165 1833 256 1880 cesse
274 1827 329 1881 est

569 2014 722 2066 curm*
743 2016 808 2066 w.

442 2123 486 2193 lte
502 2122 586 2214 juris
608 2129 723 2198 natura
746 2128 931 2216 unpuuuo.

232 2299 285 2363 60.
310 2303 368 2375 Qui
383 2304 485 2378 ‚patrm
500 2309 659 2368 naturalis
675 2311 874 2385 systemato“
894 2306 1081 2371 effluxerunt
1101 2310 1206 2390 scrip-

163 2411 266 2484 tores,
287 2405 444 2488 generalia
467 2409 614 2488 quaedam
638 2411 676 2474 de
698 2421 806 2475 natura
816 2412 896 2494 juris
913 2429 1088 2493 proponere
1104 2415 1206 2476 solent

163 2518 340 2592 praecepta,
355 2529 432 2591 quae
449 2514 558 2593 partim
575 2535 615 2578 ex
631 2534 746 2580 summo
764 2516 931 2594 doetrinae,
947 2534 1036 2596 mam
1052 2515 1205 2596 proliten-

165 2621 229 2692 tur,
256 2616 405 2697 principio
423 2615 576 2697 derivant,
601 2621 708 2702 partim
724 2619 771 2694 (id
787 2620 869 2702 quod
884 2637 976 2702 saepo
993 2636 1053 2681 non
1069 2619 1134 2682 sine
1150 2639 1204 2683 ra-

164 2718 248 2780 tione
273 2717 383 2782 iactum
407 2725 471 2796 est)
500 2741 540 2785 ex
560 2725 640 2807 juris
662 2723 785 2788 Bouiani
810 2724 896 2787 libris
914 2724 945 2785 io
968 2723 1205 2806 philosophicam

162 2823 243 2904 juris
259 2821 448 2907 disciplinam
463 2826 640 2908 traducunt,
667 2847 705 2892 eo
721 2829 864 2907 consilio,
884 2836 917 2891 ut
936 2831 1107 2891 obstructo
1124 2829 1205 2912 juris

164 2926 303 3010 dogmata
321 2929 493 2994 exhibeant.

230 3031 291 3096 Sed
306 3033 364 3095 alia
380 3035 470 3116 plane
486 3036 603 3100 ratione
621 3037 657 3101 ad
675 3037 830 3101 formanda
847 3036 996 3119 ejusmodi
1012 3036 1202 3101 theoremate

163 3136 306 3200 utendum
323 3156 393 3200 esse
409 3140 536 3204 videtur.
575 3141 801 3204 Exordiendum
822 3144 901 3204 enim
917 3149 965 3205 est
980 3159 998 3204 a
1013 3141 1111 3204 tribus
1126 3141 1204 3219 istis,

163 3257 243 3321 quac
255 3243 317 3323 jam
333 3243 560 3323 illustravimus,
582 3247 678 3312 omnis
690 3247 768 3329 juris
786 3245 998 3324 fundamentis,
1021 3253 1052 3307 et
1066 3243 1203 3328 diligenti

164 3361 271 3407 eorum
288 3355 413 3411 naturae
429 3350 666 3432 investigatione
679 3349 757 3412 tacta
770 3349 932 3433 disputatio
949 3357 996 3412 est
1011 3347 1203 3414 instituenda.

164 3445 261 3511 Omne
271 3451 322 3531 jus
339 3469 484 3516 summam
501 3454 689 3536 regularum,
707 3453 913 3516 definitionum
934 3461 986 3516 aut
1004 3454 1203 3537 praeceptio-

94 3565 99 3572 ·
163 3569 233 3616 uum
252 3556 395 3634 continet,
406 3575 480 3638 quas
490 3558 574 3630 iuris
587 3576 715 3620 normas
726 3557 882 3639 appellare
897 3558 985 3621 uobis
1000 3557 1100 3619 liceat
1122 3557 1202 3631 Qui-

161 3656 218 3720 bus
241 3661 435 3723 constituitur
452 3663 558 3733 iuatua
574 3663 737 3726 universae
754 3663 973 3726 communitatis
996 3662 1089 3739 ordo,
1112 3679 1202 3742 quem
1240 3677 1249 3700 ··

157 3761 244 3832 iuria
264 3771 384 3826 statuam
406 3765 550 3830 dicamus.
598 3763 724 3830 Constat
744 3775 844 3829 autem
868 3784 909 3829 ex
932 3765 1098 3828 innumeris
1123 3765 1203 3826 inter

161 3863 300 3930 homines
325 3868 363 3930 ad
387 3871 467 3932 vitae
488 3873 661 3934 societatem
689 3870 864 3933 conciliatos
885 3870 974 3941 iuria
994 3870 1202 3930 necessitudi-

161 3969 272 4043 nibus,
296 3972 326 4033 in
348 3975 457 4054 quibus
478 3975 624 4058 quidquid
649 3977 798 4058 cujusque
812 3975 853 4036 sit
867 3974 918 4036 vel
933 3974 963 4036 ei
976 3973 1127 4054 praestari
1142 3971 1202 4036 de-

163 4071 245 4152 beat,
260 4073 320 4137 illis
336 4077 450 4141 normis
466 4077 621 4142 delinitum
637 4086 694 4140 est.

227 4177 358 4244 Primum
375 4199 452 4265 ergo
467 4181 505 4244 de
521 4181 656 4267 ipsarum
667 4182 745 4266 Juris
760 4197 933 4246 normarum
947 4181 979 4244 vi
995 4187 1027 4244 ct
1041 4188 1203 4266 potestate,

205 4297 391 4352 wirundum,
405 4299 550 4352 pausaturus
559 4301 672 4344 ΜΘΗ.
968 4283 989 4347 6

298 4469 317 4517 0
