3109 5292
657 587 720 653 too

167 774 254 831 tores
269 782 414 832 suntmam
429 771 606 850 potestatem
621 783 745 849 semper
761 763 869 848 populi
885 779 956 828 esse
971 763 1104 845 tradunt,
1120 767 1221 849 ejus--

166 889 231 956 qua
245 873 367 936 nomine
382 890 400 935 a
414 872 555 954 principe
569 870 650 935 cela
666 871 806 950 delectis,
822 871 910 952 quasi
925 889 942 933 a
956 871 1208 953 procuratoribus

166 980 242 1058 suis,
260 978 401 1041 exerceri
417 983 533 1059 putant

234 1083 379 1158 Quemvis
392 1090 492 1146 untecn
505 1101 566 1146 uon
580 1082 682 1145 desint
696 1083 851 1164 exempla:
866 1081 946 1164 apud
961 1081 1093 1164 populos
1110 1095 1221 1160 qnos-v

166 1189 235 1252 (lani
248 1188 346 1270 pactis
359 1187 410 1251 vel
427 1187 680 1251 conventionibus
696 1187 836 1248 ciuitates
852 1188 1003 1269 coepisse,
1018 1192 1067 1248 aut
1082 1185 1208 1250 usitatas
1311 1185 1319 1195 “

167 1300 256 1358 ιιιῑθα
264 1292 452 1374 reipublicae
465 1291 579 1354 fornas
593 1290 841 1368 luissemntetas3
850 1291 1207 1375 longeplurirnaeturnan

167 1399 307 1463 civitates
316 1397 373 1460 lrac
387 1397 503 1460 ratione
511 1395 651 1458 conditus
660 1413 721 1458 non
730 1405 810 1473 sunt,
820 1403 850 1458 et
859 1396 1049 1459 nihilominus
1062 1412 1206 1458 summam

166 1509 344 1587 potestante
361 1502 497 1585 legitime
509 1501 539 1563 in
551 1501 590 1562 iis
603 1501 795 1563 constitutum
809 1500 905 1563 fuisse
915 1507 1041 1564 constat
1065 1500 1126 1565 Sed
1139 1516 1206 1564 curn

168 1605 414 1672 civitasnrlaliud
425 1606 528 1668 sitnisi
534 1606 613 1688 juris
621 1605 751 1669 societas
761 1602 893 1679 (Cicero
904 1604 1206 1686 derepultlicalib.l.

168 1732 195 1776 c.
212 1710 254 1774 32
270 1713 301 1774 in
315 1711 356 1786 f.)
379 1727 434 1774 eas
449 1727 510 1772 non
526 1711 583 1773 alia
597 1711 716 1773 ratione
732 1711 872 1772 constitui
895 1709 1053 1772 dicendum
1075 1709 1206 1787 videtur,

167 1834 256 1898 quam
272 1832 332 1896 quo
347 1817 446 1896 ipsum
463 1817 515 1896 jus
534 1815 648 1895 ubique
668 1815 873 1892 constituitur,
887 1815 905 1876 i.
920 1833 948 1876 e.
969 1815 1115 1878 utentiurn
1137 1816 1207 1891 opi-

167 1921 263 1981 nim
277 1920 413 1982 moribus
430 1926 461 1981 et
476 1919 599 2001 legibus
614 1920 818 2002 comprobata.
848 1919 893 1983 Ea
907 1920 1002 2002 igitur
1020 1920 1207 2003 reipublicae

167 2025 265 2089 torna
283 2025 449 2107 justissima
472 2026 532 2086 erit
555 2023 709 2087 labendo:
732 2042 811 2106 qnae
834 2023 915 2106 apud
935 2031 1055 2107 gentem
1075 2025 1206 2107 aliquam

166 2137 202 2194 nt
219 2132 344 2212 optima,
364 2129 523 2192 utilissima
539 2137 571 2190 et
585 2129 818 2192 necessitatibus
840 2129 904 2192 suis
928 2131 1059 2192 maxine
1081 2145 1206 2192 accom-

167 2235 295 2314 modato,
311 2242 439 2316 recepta
455 2235 590 2312 est-sive
606 2233 761 2318 suffragiis
777 2234 908 2316 populus
925 2235 1105 2296 sententiam
1121 2251 1207 2296 suain

168 2339 381 2419 declaraverit,
403 2342 470 2403 sive
489 2343 581 2403 tacite
597 2341 693 2403 rebus
706 2341 782 2422 ipsis
799 2337 948 2402 attactis:
972 2341 1042 2401 siue
1054 2345 1161 2420 sponte
1177 2345 1209 2400 et

167 2444 271 2507 latito
294 2445 423 2507 consilio
443 2445 606 2526 imperium
632 2463 721 2507 snum
744 2444 892 2527 elegerit,
922 2445 988 2507 sive
1012 2443 1207 2522 necessitate,

168 2556 253 2615 sorte
272 2549 324 2610 nel
347 2549 408 2612 lato
430 2557 563 2612 coactus.
609 2549 843 2611 Diversissimae
873 2550 952 2610 onim
983 2555 1053 2610 sunt
1084 2563 1207 2625 cousus,

167 2653 277 2735 quintis
302 2655 432 2717 ciuitatis
455 2655 583 2737 alicuius
604 2656 745 2736 regimen
767 2652 911 2731 elicitur,
933 2659 967 2714 ut
987 2642 1082 2733 ipsius
1103 2651 1208 2734 populi

166 2759 322 2842 ingenium
337 2765 370 2822 et
383 2761 551 2822 humanitas
560 2757 864 2836 etoultus,liliertatis
875 2773 962 2818 amor
976 2757 1026 2817 vel
1042 2756 1207 2839 neglectio,

168 2863 295 2926 aliarum
310 2863 463 2926 ciuitatium
478 2864 588 2926 vicinia
605 2871 637 2925 et
649 2862 784 2944 potentia
800 2869 831 2924 et
845 2862 917 2924 inita
933 2879 1001 2924 curn
1017 2861 1054 2924 iis
1069 2859 1207 2924 laudern.

234 2966 374 3030 Erronea
390 2968 482 3050 plane
503 2969 622 3031 illorum
638 2975 687 3030 est
707 2966 826 3047 opinio,
851 2967 903 3048 qui
925 2982 985 3029 non
1008 2965 1066 3028 nisi
1087 2967 1222 3028 mixtam·

167 3071 287 3154 imperii
312 3070 440 3136 formam
460 3073 523 3155 juri
552 3079 787 3135 consentaneam
812 3069 945 3152 reliquas
967 3089 984 3132 a
1006 3071 1109 3132 stricta
1129 3070 1208 3153 juris

167 3178 288 3239 rationo
312 3176 496 3241 recedentes
516 3184 548 3238 et
567 3178 654 3257 qnasi
670 3175 742 3256 jure
763 3175 913 3257 singulari
939 3176 1116 3239 constitutas
1136 3191 1208 3238 esse

168 3279 302 3343 uadunt

236 3383 442 3448 Falsissinrum
476 3385 565 3447 etiam
592 3391 641 3446 est
667 3383 795 3446 dicturo:
824 3383 855 3445 in
879 3401 1059 3467 unaquaque
1087 3385 1207 3450 civitate

168 3489 268 3570 ipsunt
289 3487 434 3570 populum
456 3504 591 3552 summae
611 3487 768 3568 potestatis
790 3503 860 3550 esse
876 3485 1038 3552 dominum⁴
1067 3489 1133 3552 lloc
1147 3506 1208 3553 non

168 3594 228 3656 nisi
243 3593 275 3654 in
290 3593 327 3656 iis
348 3591 573 3673 rebnspubliois
594 3592 654 3654 dici
675 3599 791 3673 potestr
815 3591 845 3654 in
865 3593 1142 3678 quibus-populare
1163 3601 1209 3657 ost

168 3688 346 3780 imperinm
370 3697 401 3758 in
415 3696 543 3777 reliquis
558 3712 664 3758 eornm
680 3703 728 3758 est
741 3696 819 3757 lraec
835 3701 978 3777 potestas,
994 3699 1046 3777 qni
1062 3699 1210 3779 imperant

170 3811 202 3866 et
216 3802 384 3885 majestatis
395 3802 468 3883 jure
482 3800 635 3863 fruuntur.
1182 3789 1185 3796 '

229 3908 334 3969 l’otest
343 3913 443 3969 tamen
455 3906 613 3987 inperium
621 3905 778 3970 licetillud
783 3905 857 3987 jure
866 3905 1056 3968 constitutum
1067 3913 1098 3968 et
1107 3907 1209 3988 opini-

166 4029 226 4076 one
236 4011 498 4092 morequepopuli
506 4011 734 4092 comprobatum
743 4011 943 4092 sit,injusturn
954 4028 1024 4073 esse
1034 4019 1084 4074 aut
1093 4009 1222 4093 deoru·

90 4201 95 4207 Ι
167 4109 1209 4195 vatumsouoteveneouuauttyranuicumtactunsncivitatisrea

166 4221 409 4305 gimen,auttnm
418 4219 564 4298 solutum,
573 4218 700 4282 utnulla
713 4216 826 4280 adesse
844 4213 985 4282 videatur
1001 4219 1123 4301 publicu
1134 4227 1224 4302 pot-'⁸
