3109 5292
871 559 918 630 ³2

386 739 655 828 „psyclotogtcan
671 759 749 824 quae
764 749 903 820 vocatur,
918 740 1281 826 investigationepartim
1295 743 1410 808 acutu-

383 845 466 911 simis
481 847 758 913 ratiocinationibus
774 847 903 912 tundore
919 849 1110 929 studuerunt,
1132 866 1225 931 quum
1239 868 1301 914 uon
1314 849 1410 914 solum

382 953 414 1014 in
434 970 471 1017 ec
491 943 614 1037 ope'ram
636 961 867 1034 consumerent,
889 963 923 1018 ut
935 954 1056 1020 honesti
1070 973 1193 1020 sensum
1213 955 1299 1038 quasi
1320 955 1411 1020 animi

383 1058 554 1140 qualitatem
570 1059 802 1142 facultatemque
823 1061 890 1124 siue
909 1059 1102 1125 affectionem
1122 1061 1260 1128 omuibus
1279 1061 1410 1125 bomini-

382 1165 438 1229 bus
458 1166 665 1249 ingeneratum
685 1167 899 1247 ostenderent,
921 1166 1105 1247 sedetiam,
1133 1175 1179 1246 at,
1202 1185 1350 1250 quaenam
1373 1167 1411 1230 sit

383 1272 449 1355 ejus
469 1271 516 1336 vis
537 1287 573 1335 au
594 1280 710 1352 natura,
732 1291 874 1358 quaeque
898 1273 1092 1337 honestarum
1115 1272 1264 1336 actionum
1286 1275 1411 1356 proprio

383 1376 456 1456 sint,
479 1376 633 1442 docerent.
672 1377 759 1451 Quod
782 1379 820 1442 ad
841 1398 951 1445 sensus
972 1380 1051 1444 illius
1071 1378 1275 1442 definitionem
1296 1375 1411 1459 attinet,

383 1479 599 1565 Shaltesbnry,
621 1483 797 1548 llutcbeson
813 1493 844 1547 et
859 1485 956 1549 llnme
970 1485 1098 1550 innatam
1114 1503 1183 1549 eum
1198 1484 1302 1549 dcunt
1317 1489 1411 1546 bene·

383 1590 538 1650 oetentiae
558 1587 764 1670 allectionem,
788 1610 845 1673 qua
864 1591 999 1655 homines
1018 1590 1212 1674 impellantur
1230 1589 1268 1654 ad
1285 1591 1411 1656 aliorum

383 1691 556 1758 felicitatem
584 1694 768 1779 augendam,
797 1695 932 1760 Adamas
961 1713 1038 1760 uero
1068 1695 1160 1760 Smitb
1184 1699 1411 1775 epmputbicom

382 1797 465 1862 illum
479 1807 571 1864 vocat
585 1801 831 1882 propensionem,
847 1820 904 1883 qua
919 1800 1071 1865 trahamur
1081 1799 1119 1864 ad
1134 1800 1261 1865 aliorum
1277 1801 1411 1864 actiones

296 1919 300 1924 ·
382 1905 554 1987 probandas
569 1912 620 1970 aut
635 1904 859 1989 improbandas,
879 1915 970 1991 prout
983 1924 1041 1990 per
1055 1924 1091 1970 se
1105 1906 1203 1970 bonae
1218 1925 1254 1970 ac
1269 1904 1411 1970 laudabi-

383 2010 429 2074 les
452 2011 540 2075 nobis
569 2019 742 2094 appareant
780 2012 914 2076 Ulterius
936 2011 1021 2076 llielu
1048 2012 1136 2076 Price
1163 2028 1349 2096 progressus
1373 2009 1411 2074 de

382 2115 511 2181 honesto
525 2126 611 2182 recte
628 2117 841 2201 cognoscendo
857 2119 898 2182 ita
908 2117 1072 2201 judicavit,
1094 2125 1128 2182 ut
1142 2135 1194 2180 eas
1214 2124 1336 2181 tantum⁴
1353 2134 1412 2198 ap-

383 2222 544 2305 petitiones
568 2223 763 2304 actionesque
779 2223 886 2287 naturd
902 2240 972 2286 esse
986 2222 1082 2285 bonas
1096 2241 1132 2285 ae
1147 2223 1258 2305 probas
1274 2221 1413 2302 doceret,

384 2345 464 2408 quae
487 2327 618 2392 omnium
638 2327 754 2410 judicio
777 2327 950 2392 necessario
973 2345 1030 2410 pro
1054 2327 1190 2394 honestis
1217 2328 1413 2392 haberentur.

383 2430 472 2506 Quod
494 2450 570 2497 vero
593 2433 630 2496 ad
647 2433 719 2517 justi
735 2435 887 2496 notionem
903 2452 939 2496 ae
951 2433 1029 2516 juris
1051 2451 1187 2498 normam
1210 2434 1329 2512 attinet,
1354 2451 1415 2496 non

384 2545 431 2602 est
446 2535 550 2603 eadem
564 2537 671 2602 horum
687 2537 934 2620 pbilosophorum
951 2539 1059 2621 opinio.
1091 2537 1264 2603 llutcbeson
1279 2540 1361 2601 enim
1377 2537 1415 2602 ad

282 2689 284 2692 -
384 2661 448 2707 eam
460 2639 620 2728 Justitiam,
645 2663 704 2726 qua
720 2661 806 2708 suum
822 2643 932 2726 cuique
948 2644 1117 2724 tribuimus,
1140 2644 1269 2708 naturali
1284 2642 1415 2726 quadam

383 2750 612 2816 benevolentiae
633 2752 745 2834 impetu
768 2749 882 2833 impelli
905 2769 961 2814 nos
984 2750 1148 2829 existimat,
1176 2751 1216 2813 ita
1236 2755 1271 2813 ut
1292 2748 1413 2811 intimus

383 2857 469 2938 quasi
485 2857 716 2920 benevolentiae
731 2856 846 2939 gradus
858 2857 975 2940 justitia
994 2857 1046 2922 sits
1069 2856 1166 2921 Hume
1186 2861 1287 2919 autem
1308 2853 1414 2936 publi-

383 2980 439 3026 cae
453 2963 588 3026 utilitatis
610 2960 826 3026 custodiendae
850 2971 1035 3027 constantem
1051 2981 1088 3026 ιο
1102 2969 1280 3045 perpetuam
1300 2959 1414 3024 volun-

383 3073 483 3146 tatem,
500 3073 530 3129 et
545 3065 605 3145 alii,
621 3066 834 3151 utl'erguson‚
844 3069 1000 3151 proprium
1016 3067 1205 3131 commodum
1221 3065 1414 3130 benevolen-

382 3174 443 3237 tiae
469 3172 573 3236 clllciis
597 3172 787 3255 exaequandi
810 3174 940 3239 studium
962 3173 1107 3257 justitiam
1133 3171 1249 3258 dieunt3
1280 3170 1413 3253 denique

382 3278 440 3343 nd.
456 3277 547 3344 Smitb
563 3286 592 3342 et
604 3277 864 3363 DugaldStewart
878 3297 986 3343 sensus
1001 3277 1122 3342 moralis
1137 3277 1197 3340 vim
1212 3283 1304 3357 atque
1320 3275 1413 3339 indo-
1506 3268 1508 3272 ’

383 3381 441 3446 lem
466 3383 641 3468 diligentius
665 3384 852 3465 inquirentes
877 3385 978 3448 varios
999 3383 1145 3447 bonorum
1170 3383 1245 3447 lines
1266 3381 1413 3466 persequi

382 3489 518 3554 homines
535 3489 781 3554 demonstrarunt
796 3499 827 3554 et
841 3491 1014 3568 iuedtiom,
1035 3491 1054 3551 i.
1071 3507 1098 3552 e.
1118 3505 1204 3552 suum
1226 3490 1335 3571 cuique
1351 3489 1413 3552 tri-

381 3594 494 3660 buendi
510 3595 703 3674 voluntatem,
724 3602 789 3656 tom
806 3616 827 3658 o
843 3595 893 3656 rui
908 3613 1029 3671 amore,
1053 3613 1141 3676 quam
1157 3613 1175 3656 ι
1194 3594 1413 3669 benefaciendi

382 3702 447 3766 aliis
463 3702 670 3784 propensione
686 3699 716 3765 vi
732 3709 763 3764 et
777 3709 885 3764 natura
901 3700 1036 3780 differre,
1053 3699 1229 3763 certissimis
1244 3719 1413 3785 argumen-

381 3809 419 3871 tis
436 3807 680 3889 comprobarunt
718 3805 861 3870 Ceterum
885 3807 1018 3871 nonnulli
1039 3805 1144 3870 borum
1164 3803 1412 3888 pbilosophorum
1496 3830 1500 3844 ·

382 3920 413 3977 et
428 3914 459 3976 in
473 3913 520 3978 bis
536 3911 717 3995 praesertim
732 3911 908 3976 llutcbeson
919 3911 993 3995 justi
1012 3913 1107 3976 efficia
1123 3911 1236 3976 ceteris
1252 3914 1365 3998 majora
1381 3919 1413 3974 et

381 4021 558 4085 necessario
575 4018 772 4101 exsequenda
788 4037 860 4082 esse
875 4036 1001 4101 eamque
1021 4019 1060 4083 eb
1081 4035 1201 4082 οιιιιιιιι
1217 4019 1288 4100 jura
1308 4017 1413 4080 bomi-

382 4124 469 4190 nibus
485 4125 684 4210 competentia
699 4125 840 4208 publicae
861 4123 1020 4208 potestatis
1040 4121 1133 4186 tuteli
1153 4122 1232 4186 oneri
1251 4130 1283 4185 et
1302 4121 1412 4185 muniri

382 4229 486 4296 solere
502 4231 653 4296 dixerunt
689 4230 781 4305 Quod
794 4230 901 4294 attinet
913 4229 952 4292 ad
966 4230 1092 4295 alteram
1112 4227 1233 4295 moralis
1247 4231 1315 4314 ejus
1331 4227 1411 4292 dce-
