3109 5292
660 648 724 716 lte

172 830 328 893 nonlicet
360 828 497 911 Cumque
518 830 656 893 dominus
677 829 717 892 de
738 848 791 892 sua
806 847 841 892 re
857 847 914 911 pro
931 829 1056 892 arbitrio
1073 847 1129 892 suo
1145 827 1211 891 dis·-

172 947 292 1014 ponerc
312 937 420 1016 possit,
441 934 608 1015 unicuiqae
622 935 736 998 civitati
758 937 847 998 etiam
866 937 918 1017 jus
939 943 1118 1017 competere
1133 933 1211 996 dici-s

172 1049 237 1118 tur,
259 1041 357 1102 libere
374 1040 412 1103 de
428 1059 486 1103 sno
502 1041 656 1102 territorio
677 1039 844 1118 statuendi,
866 1041 976 1103 tributa
998 1047 1028 1101 et
1047 1039 1210 1120 vectigalia

173 1144 378 1226 percipiendi,
400 1163 505 1208 rerum
521 1146 761 1226 exportationem
783 1143 952 1222 inhibendi,
974 1145 1089 1206 viarum
1106 1143 1212 1224 publi-

175 1267 279 1312 carum
296 1258 328 1312 et
342 1250 496 1312 fluminum
512 1268 600 1313 usum
617 1249 789 1328 definiendi,
806 1251 876 1312 item
888 1251 939 1332 jus
956 1247 1139 1331 peregrinos
1155 1263 1212 1308 re-

175 1353 307 1433 cipiendi
328 1355 378 1417 vel
400 1353 586 1418 excludendi
606 1362 657 1417 aut
678 1353 862 1435 expellendi.
901 1354 1040 1434 Denique
1063 1352 1101 1414 ad
1117 1369 1213 1414 aver-

173 1456 294 1518 tendam
312 1459 610 1539 promovendumque
633 1459 692 1520 nim
709 1459 890 1540 praesertim
908 1465 1081 1534 externam,-
1103 1457 1213 1535 cuique

173 1560 259 1641 genti
270 1562 322 1642 jus
338 1563 491 1642 competit,
508 1563 633 1625 castella
653 1564 765 1625 munita
782 1563 812 1624 in
828 1579 885 1624 suo
901 1562 1056 1623 territorio
1073 1559 1213 1636 habendi,

173 1681 270 1725 naves
285 1665 411 1727 bellicas
432 1673 463 1728 et
483 1674 661 1748 apparatum
682 1666 823 1729 bellicum
846 1663 983 1748 parandi,
1005 1671 1036 1726 et
1051 1671 1129 1745 quae
1145 1671 1214 1726 sunt

177 1768 295 1831 similia.

241 1871 361 1936 Etcum
383 1890 468 1936 mare
488 1875 527 1935 sit
542 1893 701 1937 commune
723 1875 853 1938 omnium
870 1874 1065 1954 populorum,
1090 1871 1214 1935 oudibet

175 1975 291 2038 civitati
305 1978 468 2060 navigandi
489 1978 519 2039 in
541 1997 576 2040 ea
592 1979 717 2041 libertas
738 1979 897 2060 competit,
918 1984 949 2038 et
962 1978 1011 2058 jus
1033 1976 1167 2039 colonias
1183 1977 1214 2037 in

174 2096 236 2142 non
252 2090 418 2163 occupatas
438 2083 476 2145 ab
492 2083 549 2145 alia
571 2093 663 2166 gente
684 2085 829 2168 regiones
847 2081 1011 2160 educendi,
1033 2090 1085 2144 aut
1100 2082 1214 2144 insulas

174 2185 206 2247 ln
221 2187 296 2247 mari
312 2185 464 2263 detectas,
487 2206 565 2268 quae
581 2188 692 2252 nullius
708 2196 793 2266 sunt,
809 2187 936 2268 imperio
952 2205 1008 2248 suo
1026 2186 1213 2269 subjiciendi.
1238 2247 1258 2272 ..

244 2287 318 2350 152.
345 2288 605 2361 Quemadmodum
637 2299 738 2354 antem
769 2291 850 2354 inter
880 2293 1015 2372 privatos
1046 2290 1214 2372 peculiaria

171 2391 251 2474 juris
261 2393 382 2457 vincula
396 2394 532 2456 contrahi
546 2394 647 2458 solent
660 2395 750 2458 lactis
763 2399 794 2458 et
804 2396 947 2479 negotiis,
957 2396 997 2459 ita
1012 2396 1120 2458 eadem
1135 2396 1215 2457 inter

175 2495 251 2558 duas
273 2505 381 2579 gentes
402 2496 597 2560 intercedere
621 2509 758 2579 possunt
798 2499 979 2562 Eisrciuntur
1004 2518 1039 2562 ea
1063 2499 1161 2581 pactis
1184 2507 1215 2560 et

175 2599 368 2679 loederilns,
385 2604 553 2665 communis
569 2603 706 2666 utilitatis
722 2621 813 2666 causa
831 2603 920 2666 initis.

243 2702 468 2768 Contrahuntnr
483 2707 559 2770 lraec
575 2715 665 2788 pacta
686 2727 703 2769 a
723 2709 879 2771 civitatum
900 2707 1074 2770 rectoribus
1091 2715 1142 2770 aut
1157 2723 1215 2789 per

176 2808 320 2888 epistolas
336 2818 387 2872 aut
401 2828 459 2891 per
473 2814 608 2888 ἱεραῖσι,
630 2830 686 2874 nec
706 2811 796 2874 aliter
810 2813 955 2893 populum
972 2811 1121 2894 obligant,
1145 2813 1213 2890 nisi,

176 2910 196 2973 li
213 2913 266 2992 qni
281 2912 473 2992 contrahunt,
486 2915 556 2996 jure
573 2922 799 2977 contraxerunt.
839 2916 940 2990 Quare
958 2933 1068 2978 eversa
1084 2916 1214 2998 reipub.-

176 3016 256 3078 licae
273 3019 497 3096 constitutione,
521 3019 610 3081 etiam
632 3019 758 3082 foedera
781 3039 849 3083 cum
870 3038 981 3084 novum
1002 3039 1104 3084 rerum
1126 3019 1214 3082 ordi-

176 3139 246 3184 nem
262 3123 500 3202 improbantibus
516 3133 604 3187 antea
620 3126 692 3189 inita
708 3133 904 3190 evanescunt.

243 3224 389 3289 lneuntur
403 3235 502 3290 autem
525 3230 744 3292 conventiones
762 3231 843 3292 inter
858 3237 968 3312 gentes
984 3246 1041 3292 seu
1057 3236 1213 3306 tractatus,

178 3339 212 3393 ut
222 3340 380 3410 vocantur,
394 3332 432 3394 de
448 3331 602 3395 deditione
614 3333 813 3416 profugorum
827 3335 977 3414 gravioris
991 3334 1124 3396 criminis
1137 3350 1214 3395 reo-

177 3451 257 3513 rum,
267 3436 318 3498 vcl
329 3436 453 3499 militurn
469 3437 677 3519 lugitivorum,
689 3439 728 3500 de
739 3439 846 3501 tinibus
857 3439 1080 3500 territoriorum
1094 3456 1213 3520 regun-

179 3539 241 3618 dis,
257 3539 296 3602 de
312 3542 520 3620 commerciis,
538 3549 569 3603 et
583 3545 765 3624 praesertim
781 3543 929 3606 bellorum
945 3525 1122 3620 occisione,
1144 3559 1213 3602 mn-

178 3655 250 3709 tuae
262 3645 450 3709 detensionis
463 3647 567 3729 gratia.
592 3647 675 3710 llaec
690 3647 817 3710 foedera
833 3645 941 3709 bellica
956 3648 1146 3720 (ntttcncea)
1162 3649 1214 3706 aut

176 3751 339 3822 desentire
354 3759 441 3829 sunt,
464 3760 516 3814 aut
538 3753 707 3828 offemira:
729 3760 879 3833 qnatenus
896 3759 947 3813 aut
963 3750 1001 3813 ad
1016 3741 1213 3831 repellendos

178 3852 283 3917 autad
304 3854 533 3937 aggrediendos
557 3874 733 3921 communes
753 3859 859 3921 hostes
879 3857 1031 3919 ineuntur.
1071 3852 1160 3916 Fiunt
1175 3853 1212 3914 iis

178 3957 284 4039 populi
298 3958 329 4020 in
345 3959 427 4021 ltcllo
443 3959 520 4021 socii
536 3957 575 4035 1).

244 4061 350 4125 Utrum
364 4061 526 4143 unicuique
539 4064 624 4145 genti
640 4083 707 4128 cum
719 4064 785 4127 aliis
800 4063 975 4146 paciscendi
988 4062 1111 4125 libertas
1127 4081 1213 4126 com-

176 4205 407 4225 m

234 4289 259 4356 1)
278 4289 431 4354 Murteae,
443 4291 543 4358 primae
555 4290 642 4344 lineae
650 4293 719 4359 juria
731 4295 852 4360 gentiam
870 4292 917 4346 lib.
930 4293 1002 4344 Vlll.
1022 4309 1079 4363 cap.
1092 4295 1123 4346 V.

929 4381 1002 4449 12*
