3109 5292
158 713 418 797 rimpabliuarnm
440 716 554 780 formas
578 715 743 798 perlustret
768 723 799 778 et
820 715 942 779 diversa
962 713 1001 778 de
1024 713 1195 780 eiulatibus

157 819 235 882 bene
259 816 437 884 ordinandis
460 827 491 883 et
514 817 659 902 regendis
689 827 852 902 praecepta
883 820 1005 882 minime
1032 819 1195 884 laudabilia

27 941 33 950 ’
158 921 251 986 tradit
269 921 309 996 ²).

224 1015 277 1088 23.
301 1023 463 1088 Videamus
479 1007 568 1104 nune,
589 1023 660 1105 quid
674 1024 752 1086 alter
776 1025 976 1108 scriptorum,
1001 1044 1077 1108 quos
1100 1043 1195 1110 supra

69 1169 75 1180 -
157 1131 409 1207 memoravimus,
441 1130 480 1192 do
506 1131 578 1212 jure
601 1128 852 1212 pbilosophorum
876 1146 962 1192 more
983 1130 1196 1215 investigando

158 1234 300 1297 senserit
337 1243 338 1246 ’
436 1265 437 1272 1
749 1263 751 1268 v

226 1337 254 1400 1.
279 1339 470 1399 &comeare
487 1341 575 1424 quo
591 1341 629 1398 de
649 1341 811 1414 Venetam,
835 1337 931 1402 decus
951 1358 987 1402 ac
1008 1339 1109 1403 lumen
1123 1340 1195 1403 sri-

158 1443 295 1520 taoniae,
319 1441 348 1504 in
365 1440 566 1505 celeberrimo
587 1457 697 1522 opere,
720 1441 803 1522 quod
824 1448 861 1502 de
883 1444 1039 1516 monitate
1061 1450 1093 1503 et
1114 1461 1195 1517 noq-

156 1549 267 1608 mentis
289 1547 496 1608 scientiarum
519 1548 661 1629 scripsit,
694 1548 783 1610 etiam
808 1553 984 1608 mactatum
1008 1549 1195 1619 dematilio

157 1652 330 1714 uoirmati
361 1652 426 1711 aive
448 1655 486 1710 de
509 1653 648 1723 foralibus
671 1652 758 1720 jorio
781 1651 870 1714 nobis
895 1652 1019 1732 reliquit
1042 1649 1092 1730 ⁸),
1123 1670 1194 1734 quo,

157 1753 405 1838 quemadmodum
420 1754 519 1816 bonae
529 1754 616 1836 leges
631 1755 691 1817 sint
705 1754 898 1834 scribendae,
908 1773 996 1820 casus
1011 1752 1094 1818 dubii
1109 1764 1194 1820 trac·

156 1859 248 1937 tandi,
265 1859 381 1943 judicia
398 1866 429 1921 et
440 1859 520 1941 juris
534 1859 682 1921 institutio
698 1859 739 1922 itu
755 1859 937 1938 ordinanda,
956 1867 991 1923 ut
1011 1860 1096 1922 salva
1112 1861 1152 1924 sit
1164 1861 1194 1922 in

156 1965 316 2048 republica
335 1963 466 2048 justitia,
491 1965 641 2046 exposuit.
673 1963 721 2026 Ac
740 1965 871 2045 primum
891 1963 1011 2045 quidem
1033 1964 1194 2028 uerissima

157 2069 397 2152 aphorismorum
413 2069 497 2130 initio
513 2071 569 2132 ait:
584 2069 658 2149 „qui
675 2068 714 2132 de
729 2068 850 2150 legibus
864 2070 1044 2150 scripserint
1057 2067 1109 2131 vel
1123 2074 1194 2130 tan-

157 2191 243 2255 quam
268 2172 467 2254 philosopbos
488 2171 539 2234 vel
563 2179 704 2253 tanquam
723 2173 961 2256 jurisconsultos
983 2180 1194 2254 argumentum

156 2277 228 2341 illud
245 2284 394 2340 tractasse
399 2296 409 2352 3
433 2274 502 2338 illos
519 2277 611 2340 multa
627 2277 755 2358 pulcbre
771 2277 858 2356 dicta,
874 2277 931 2340 sed
947 2277 985 2340 ab
1001 2295 1061 2340 usu
1075 2283 1194 2340 remota

156 2398 349 2463 proponere,
375 2381 431 2443 bos
448 2382 526 2464 juris
546 2382 679 2463 vigentis
694 2381 814 2461 placitis
830 2381 982 2444 obnoxios
993 2379 1110 2464 judicio
1126 2381 1193 2442 sin-

157 2503 230 2549 cero
247 2503 308 2548 non
322 2485 375 2561 uti,
395 2483 450 2547 sed
466 2493 607 2566 tanquam
624 2484 785 2547 avinculis
801 2485 1014 2559 sermocinari;
1039 2483 1193 2565 cognitio·

67 2651 70 2656 .
156 2609 224 2652 nem
240 2591 330 2655 istam
347 2587 385 2652 ad
401 2589 484 2651 viros
502 2589 608 2652 civiles
625 2595 779 2668 spectare,
795 2590 846 2668 qui
860 2590 973 2668 optime
988 2589 1100 2664 norint,
1121 2586 1194 2667 qaid

157 2694 235 2758 ierat
250 2693 383 2756 societas
399 2692 544 2769 humana,
560 2691 632 2772 quid
653 2691 735 2754 salus
752 2692 874 2774 populi,
895 2691 967 2772 quid
983 2692 1119 2771 aequitas
1133 2708 1194 2760 nae

156 2796 271 2874 taralis,
281 2795 353 2876 quid
369 2797 504 2878 gentium
520 2794 713 2875 mores,qoid
730 2793 872 2858 diversae
887 2811 991 2858 rerum
1006 2794 1194 2876 publicarum

157 2902 288 2978 iormae,
313 2899 445 2980 ideoque
468 2899 507 2962 de
526 2899 646 2983 legibus
669 2917 709 2962 ex
726 2899 885 2982 principiis
901 2906 931 2961 et
946 2901 1119 2981 praeceptis
1135 2907 1193 2962 um

157 3006 317 3086 aequitatis
331 3002 487 3081 naturalis,
503 3020 592 3084 quam
609 3003 750 3084 politicae
766 3003 923 3066 disserere
938 3005 1074 3084 possint«
1094 3000 1134 3078 3).

218 3115 344 3187 „Lepas
359 3110 482 3182 repom
498 3123 574 3190 ergo
592 3107 706 3170 dictare
723 3106 864 3184 sevelis,
886 3108 937 3184 ait,
959 3107 1102 3187 equibus
1115 3123 1193 3188 per-

156 3215 231 3295 spici
247 3215 355 3294 possit,
378 3211 449 3292 quid
466 3211 497 3272 in
512 3211 639 3294 singulis
655 3212 775 3294 legibus
792 3211 872 3273 bene
887 3219 939 3274 aut
954 3227 1115 3292 perperam
1131 3229 1194 3292 po·

155 3317 243 3380 situm
254 3317 312 3381 uel
329 3315 522 3378 constitutum
538 3315 578 3378 sit
592 3313 633 3390 4).
671 3315 799 3378 Primam
815 3324 917 3380 autem
934 3319 1037 3394 ,tecum
1051 3317 1193 3392 ‹liquitu-

156 3427 216 3482 tem
232 3420 326 3483 babet
340 3418 433 3497 Baeo,
450 3427 483 3482 ut
499 3420 560 3481 sint
574 3429 692 3498 certae,
709 3420 842 3500 ideoque
857 3421 982 3502 regulas
998 3419 1090 3482 tradit
1103 3437 1193 3500 quam

155 3523 302 3606 plurimas
318 3523 349 3584 in
365 3523 563 3604 conceptione
586 3541 701 3602 earum,
725 3525 797 3586 item
813 3524 886 3586 alias
902 3526 931 3586 in
951 3526 1072 3588 casibus
1087 3543 1105 3588 a
1121 3525 1193 3609 lege

156 3627 276 3691 omissis
303 3624 506 3707 dijudicandis
530 3626 754 3702 observandas;
786 3628 858 3689 item
881 3627 920 3690 da
946 3629 1065 3690 ratione
1093 3646 1193 3690 nova-

163 3823 167 3832 ·
210 3816 222 3860 1
254 3811 335 3862 Lirre
353 3809 401 3860 III.
422 3810 467 3863 IV.

208 3811 236 3965 ²3
256 3897 318 3948 Hoc
336 3897 496 3964 opusculum
515 3897 623 3948 saeculo
642 3904 733 3948 nostro
757 3899 786 3949 in
804 3889 894 3951 uultis
916 3901 1024 3966 saepius
1042 3904 1192 3966 separatum

154 3991 194 4037 esa
213 3985 314 4036 emtum
333 3986 410 4048 asos,
432 3986 508 4048 maa,
528 3986 604 4046 1824,
626 3986 701 4034 raas.

207 4071 236 4138 3)
255 4073 424 4122 Prooemium
442 4073 531 4122 Trooi.
550 4071 582 4122 de
596 4071 711 4135 justitio.

207 4158 234 4224 4)
253 4158 406 4224 Aphorismi
425 4156 619 4209 VIII-LVIIL
