3109 5292
673 591 715 666 13

182 793 241 840 non
263 776 302 842 sit
325 776 460 858 exlege
487 781 611 838 aeterna
634 773 823 858 prolectum“
840 770 880 850 ¹).
923 771 973 838 Sin
997 772 1115 857 singula
1139 772 1207 855 ejus

179 889 360 965 praecepta,
387 881 460 945 licet
479 881 570 944 multa
591 879 629 944 ad
648 897 739 943 uuum
760 876 834 942 illud
853 896 888 941 ao
907 878 1034 960 primum
1053 895 1206 961 praecep-

180 997 258 1068 tum,
281 1005 342 1070 quo
362 988 489 1051 honeste
510 985 686 1065 vivendum,
709 993 798 1065 turpe
820 981 971 1050 vitandum
994 1001 1065 1048 esse
1086 982 1206 1061 dieitur,

179 1093 292 1158 relerri
320 1099 464 1175 possunt,
496 1099 635 1174 spectent
660 1092 759 1154 omnia
786 1090 873 1153 unius
896 1090 975 1174 legis
997 1091 1141 1154 naturalis
1161 1087 1207 1164 ²).

179 1199 316 1264 Iustitiae
337 1207 436 1264 autem
456 1199 537 1262 notio
559 1198 731 1262 accuratius
752 1215 874 1278 quoque
895 1196 1148 1262 circumscribitur
1168 1195 1206 1259 ab

180 1313 305 1374 auctore
326 1313 415 1386 atque
435 1305 476 1368 ita
499 1303 656 1382 definitur,
684 1311 716 1367 ιι1
733 1302 849 1386 justitie
870 1303 943 1366 nihil
963 1301 1044 1366 uliud
1066 1301 1121 1382 sit,
1148 1301 1207 1365 uisi

179 1429 266 1480 suurn
281 1411 388 1493 cuique
402 1409 550 1487 tribuere;
574 1409 701 1474 eandem
718 1405 790 1470 dicit
801 1405 996 1472 Aristotelem
1009 1415 1133 1472 secutos
1149 1404 1207 1486 „ad

179 1515 328 1581 alterum“
349 1517 369 1578 i.
390 1533 417 1578 e.
436 1515 601 1576 relationis
620 1513 771 1577 noti0nem
792 1531 877 1593 esse,
900 1531 990 1592 „cum
1011 1529 1048 1577 ea
1068 1510 1206 1594 aequali·

178 1629 267 1686 tatem
286 1620 455 1704 importet“.
485 1620 557 1684 Item
568 1620 725 1703 justitiam,
741 1619 814 1684 lieet
827 1618 1000 1698 voluntatis,
1015 1625 1116 1681 tamen
1130 1617 1208 1681 siout

177 1727 349 1806 veritatem,
372 1727 550 1788 intetteotuo
570 1728 751 1790 strationis
772 1743 842 1790 esse
861 1726 901 1788 ait
916 1721 957 1800 8).
986 1723 1124 1805 Denique
1139 1722 1205 1786 dis-

177 1833 337 1902 tribottvoe
358 1851 394 1896 ae
415 1834 644 1897 commutatione
661 1832 795 1916 Justitiae
811 1830 962 1895 distinctio
983 1830 1020 1896 ab
1036 1847 1075 1894 eo
1090 1829 1206 1912 probu-

178 1947 238 2006 tur.
274 1937 324 2001 Ao
348 1937 438 2021 huius
462 1939 526 2003 viri
546 1938 585 2004 de
605 1938 721 2021 justitia
746 1945 776 2000 et
796 1939 867 2020 jure
890 1936 1055 2001 sententias
1079 1937 1206 2000 aliorum

178 2061 297 2127 quoque
321 2043 565 2128 philosophorum
588 2043 838 2108 scholasticorum
862 2040 1012 2110 accedunt
1034 2041 1205 2124 opiniones,

178 2157 211 2214 ut
230 2149 330 2216 Sancti
350 2149 577 2216 Bonuveuturue
598 2155 638 2226 (†
656 2146 772 2225 1274),
795 2149 879 2212 Duos
898 2147 995 2226 Secti,
1018 2154 1205 2212 ceterorums

178 2255 257 2338 opud
272 2273 376 2320 omnes
393 2255 459 2318 fere
480 2263 511 2320 et
530 2255 619 2319 latior
636 2262 668 2318 et
683 2254 841 2338 angustior
858 2254 932 2338 justi
945 2253 1029 2316 notio
1043 2253 1204 2332 iuvenitur,

177 2359 287 2425 deinde
303 2361 383 2444 juris
399 2361 558 2423 naturalis
578 2361 643 2422 sive
661 2361 754 2422 divini
775 2366 807 2422 et
826 2360 924 2421 netto
939 2359 1006 2422 siue
1023 2359 1204 2438 temporetis

177 2464 344 2530 distinctio:
367 2466 446 2529 illius
462 2473 624 2548 praecepta
641 2467 671 2528 in
685 2465 742 2527 Dei
757 2466 913 2528 voluntate
933 2465 1040 2528 rationi
1055 2464 1204 2528 humanae

177 2578 228 2634 aut
248 2589 305 2654 per
321 2589 356 2634 se
376 2579 427 2634 aut
442 2590 499 2653 per
513 2571 731 2634 revelationem
750 2569 907 2634 manifesta
928 2570 1098 2634 consistere
1115 2571 1204 2654 ajunt

177 2675 259 2738 luris
281 2676 378 2740 civilis
400 2684 430 2740 et
451 2675 587 2740 cononici
610 2677 809 2757 interpretes,
831 2676 882 2756 qui
902 2675 958 2738 ista
972 2683 1071 2739 aetate
1085 2675 1204 2740 llorue·

176 2789 258 2862 runt,
273 2783 499 2866 philosophicae
507 2783 586 2866 J'uris
598 2781 839 2866 investigationis
852 2780 973 2843 minime
986 2779 1113 2844 studiosi
1127 2798 1204 2862 par·

175 2887 228 2950 tim
239 2888 526 2971 jurisconsultorum
542 2905 746 2966 romanorum,
768 2887 876 2969 partim
892 2885 1103 2970 theologorum
1118 2886 1204 2950 chri-

175 2993 335 3057 stiuuorum
346 3001 397 3058 aut
405 2993 650 3059 scholasticorum
661 2992 700 3058 de
710 2993 755 3056 his
765 2991 904 3056 omnihus
913 2990 1021 3075 placita
1030 2989 1203 3075 prouenit).

174 3166 390 3246 Philosophieoe
407 3167 487 3244 juris
513 3167 657 3246 doetrinae
678 3169 847 3228 hostendere
872 3167 947 3226 ratio
970 3188 991 3226 o
1009 3169 1117 3230 renatis
1138 3169 1204 3229 inde

369 3265 466 3325 litteris
486 3286 573 3344 usque
593 3267 635 3324 ool
653 3267 803 3344 Huponem
824 3264 956 3325 &otium
970 3263 1003 3344 ⁵).

240 3415 270 3482 7.
292 3419 405 3485 Usitata
421 3439 479 3503 per
498 3421 628 3486 medium
651 3440 760 3485 aevum
781 3421 1008 3507 philosophicae
1023 3422 1103 3505 juris
1123 3421 1203 3485 doc-

174 3523 270 3588 trinae
286 3526 423 3589 tractatio
442 3523 528 3591 etiam
544 3534 613 3608 post
629 3534 750 3590 renatus
766 3528 885 3592 litteras
906 3535 937 3591 et
957 3535 1039 3593 artes
1059 3527 1203 3605 liberales

175 3633 402 3644 ..ι-*η-

230 3670 342 3737 l)1bid.
362 3677 462 3738 quaest.
482 3674 523 3724 92.
540 3675 582 3725 93.
595 3661 751 3725 ¹Schmauss.
769 3689 795 3740 p.
817 3677 874 3725 102.
894 3676 952 3726 103.

229 3757 255 3826 2)
275 3758 381 3822 Qusest.
401 3762 443 3810 94.
461 3767 511 3811 art.
531 3764 554 3812 2.
888 3766 891 3775 ’

225 3848 252 3915 3)
272 3848 379 3910 Quaest
398 3849 492 3900 LVIII.
513 3853 537 3900 2.
557 3854 581 3900 4.
613 3849 762 3902 Sehmsuss.
781 3865 807 3917 p.
828 3851 885 3899 144.
907 3850 964 3900 145.
1023 3846 1029 3854 “

227 3935 254 4002 4)
273 3937 326 3989 Cir.
345 3935 420 3988 locos
439 3953 472 3988 ex
489 3937 587 4003 glossis
606 3955 622 3988 a
640 3935 809 3988 Sohmaussio
827 3935 926 3988 relatos
944 3954 970 4004 p.
989 3935 1133 3986 155—170.

226 4023 253 4089 5)
271 4025 374 4077 Eximio
395 4025 463 4091 juris
482 4025 610 4076 naturalis
630 4024 678 4076 illa
697 4029 783 4076 estete
807 4024 946 4075 historiam
968 4024 1091 4090 exposuit
1109 4021 1167 4074 (lar.
1186 4039 1203 4076 u

171 4111 374 4164 Ksltenhorn
398 4113 426 4162 in
450 4129 542 4179 operer
566 4110 617 4164 Die
645 4108 782 4178 Vorlltuser
803 4111 848 4162 des
869 4110 949 4178 Huqo
970 4110 1088 4175 Gratum,
1112 4111 1202 4178 Leipu.

174 4201 250 4251 rsls.
282 4201 348 4252 Loci
367 4199 543 4263 selectissimi‚
565 4201 665 4268 placite
682 4199 879 4267 Theologomm
896 4215 928 4251 ae
946 4199 1203 4252 Iurisconsultorum

172 4303 264 4340 eorum
282 4293 428 4358 temporum
442 4287 583 4358 probantes
599 4287 725 4356 leguntur
740 4288 810 4356 sputi
823 4287 1021 4342 Sehmaussium
1035 4304 1061 4356 p.
1076 4290 1134 4340 tro.
1146 4303 1202 4356 seq.
