3109 5292
649 563 671 633 3

212 745 265 815 llis
280 750 386 814 imbuti
404 748 636 832 cognitionibus,
660 750 747 813 etiam
763 767 865 814 rerum
880 746 1068 830 publicarum
1083 745 1171 811 bonis

148 859 266 944 legibus
286 853 536 922 instituendarum
553 856 768 938 sapienterque
788 850 1052 939 gubernandarum
1067 855 1172 917 scicc-

147 965 218 1029 tiam
232 964 418 1043 habebimus,
442 963 528 1046 cuius
548 978 568 1025 e
588 962 761 1045 praeceptis
776 962 807 1024 in
823 960 895 1024 artis
911 955 1046 1023 ordinem
1061 955 1173 1022 redac-

148 1073 202 1152 tis,
224 1071 427 1148 depietaticala
441 1069 573 1130 actentic
590 1067 620 1143 ¹)
640 1067 690 1134 rel
707 1086 764 1131 cra
779 1067 987 1143 leptatntcrlc,
1010 1083 1099 1148 quam
1113 1082 1174 1130 vo-

150 1182 234 1257 cant,
256 1177 276 1240 i.
292 1193 318 1239 e.
335 1175 436 1258 legum
451 1171 676 1240 condendarum
692 1172 850 1256 disciplina
865 1180 953 1237 enata
968 1180 1029 1237 est:
1052 1178 1176 1255 quaest

151 1283 216 1364 ipsa
231 1298 289 1366 pro
303 1279 451 1364 peculiari
464 1275 672 1365 philosophiae
683 1281 762 1365 juris
777 1282 957 1345 tractatione
969 1277 1105 1344 habenda
1121 1284 1176 1344 est

269 1525 271 1530 .
545 1489 698 1542 carun·
722 1487 780 1542 ιι.
815 1460 818 1464 ”

324 1603 479 1676 Historiae
500 1603 594 1698 hujus
617 1605 776 1678 domama
798 1604 1004 1677 connotatio.

154 1781 331 1844 &ramorum
356 1793 383 1846 ct
405 1786 602 1846 Ronmanorum
624 1787 658 1846 dc
675 1788 756 1862 justo
775 1784 921 1863 ophdooca
945 1793 974 1844 ei
991 1786 1125 1863 (30921434
1138 1779 1178 1860 ²)-

219 1955 251 2022 4.
267 1956 376 2023 Graeci
386 1960 448 2042 Jam
461 1968 530 2023 ante
543 1967 670 2030 aetatem
684 1957 819 2024 florentis
831 1957 1039 2044 philosophiae
1051 1959 1091 2022 ita
1103 1975 1179 2046 scn-

154 2073 260 2129 serunt
274 2064 312 2128 de
322 2068 420 2150 justo,
445 2073 477 2131 ut
489 2062 520 2129 id
532 2082 594 2130 non
608 2066 735 2150 singulis
749 2064 917 2131 bominibus
931 2065 1093 2129 inhaerere
1109 2064 1180 2127 exi·

154 2171 310 2234 stimarent
329 2178 465 2252 uuquam
481 2171 597 2236 morale
618 2171 805 2252 attributum,
829 2171 884 2235 sed
904 2179 937 2235 ut
956 2178 1086 2235 mutuam
1101 2169 1180 2232 inter

155 2273 231 2339 duos
245 2276 389 2358 pluresve
405 2275 543 2341 homines
558 2276 747 2342 intercedere
760 2278 936 2343 relationem
949 2275 989 2356 ⁸).
1019 2274 1181 2340 Nihilomi-

153 2398 212 2443 nus
223 2381 367 2464 justitiam
383 2379 476 2448 Deam
491 2383 616 2464 dixere,
637 2384 701 2464 cui,
721 2365 856 2448 Themidi
872 2385 1050 2469 appellatae,
1071 2381 1182 2463 templa

155 2483 357 2551 aedificarunt
372 2485 412 2576 ¹).
448 2486 539 2554 Paulo
558 2498 629 2572 post
648 2509 705 2574 pro
721 2491 805 2572 justo
826 2488 1010 2568 babuerunt,
1039 2483 1183 2570 quidquid

154 2593 186 2657 in
206 2593 361 2676 republica
382 2596 547 2661 communis
566 2597 701 2661 utilitatis
720 2613 813 2660 causa
833 2596 1025 2659 constitutum
1046 2599 1127 2671 erat,
1149 2599 1184 2656 ut

157 2701 213 2762 'am
236 2698 318 2764 utilis
342 2719 378 2764 ac
399 2701 473 2784 justi
497 2703 637 2766 notiones
662 2702 932 2767 commiscerentur
947 2696 987 2776 ⁵).
1024 2697 1084 2763 Sed
1111 2697 1184 2760 licet

167 2821 250 2888 cuge
269 2803 389 2887 plurimi
409 2803 467 2869 hoc
482 2808 532 2890 jus
552 2815 691 2892 unquam
711 2807 852 2872 divinitus
874 2807 1067 2871 constitutum
1082 2820 1183 2868 venc-

156 2911 220 2973 rari
242 2909 393 2990 solerent,
416 2910 576 2994 sophistae
595 2914 800 2978 sublimiorem
821 2915 888 2997 ejus
907 2919 1044 2976 naturam
1064 2926 1183 2994 negan-

156 3022 221 3092 tes,
239 3015 353 3098 justum
370 3025 401 3080 et
418 3024 509 3100 turpe
528 3037 590 3084 non
608 3028 733 3101 natura,
757 3020 814 3086 scd
828 3019 900 3104 lege
916 3025 1073 3098 constare,
1096 3016 1184 3100 leges

213 3218 238 3285 1)
256 3217 393 3284 Ejusmodi
410 3235 489 3286 opera
507 3221 635 3288 scripsere
651 3219 804 3289 Filangieri,
822 3220 957 3285 Bentham,
976 3219 1076 3282 Combe,
1095 3216 1149 3268 ulii.

212 3306 239 3373 2)
258 3307 329 3358 luter
347 3323 405 3372 ecs,
432 3309 478 3372 qui
496 3313 586 3360 nostra
608 3313 693 3362 aelata
715 3311 799 3362 latino
818 3325 937 3361 sermone
956 3308 987 3360 dc
1005 3305 1113 3361 historio
1126 3302 1185 3372 pcc

158 3391 288 3460 lcscpba‘cc
299 3393 372 3460 juria
388 3395 461 3461 cpacd
477 3403 570 3448 aamrca
586 3397 722 3465 scriptores
740 3401 914 3468 scripserunt,
936 3407 999 3466 prce
1017 3397 1111 3449 celeria
1129 3394 1185 3445 lau·

159 3482 260 3536 dmdus
279 3489 319 3536 cat
336 3484 369 3538 A.
385 3483 497 3550 Vadar,
516 3487 592 3553 cujas
611 3490 797 3542 commentatio
809 3486 934 3554 Lugduni
949 3489 1110 3539 Batauorum
1126 3496 1186 3550 pro·

159 3571 209 3624 liic
227 3587 296 3624 anno
317 3576 392 3626 1832.
415 3575 452 3628 8⁰.

213 3663 336 3714 Praeterea
353 3663 479 3716 laudandi
501 3669 564 3716 sunt
584 3665 743 3718 Henrici:
774 3664 854 3717 Ideam
871 3663 989 3716 maciaco·
1006 3657 1188 3724 commotast

157 3747 242 3800 tome
256 3749 433 3817 Bcprdrcdacnp
449 3747 496 3802 der
512 3749 677 3804 Becbtalchra.
695 3753 717 3803 1.
730 3755 771 3804 28.
801 3754 867 3804 Dan
879 3748 955 3816 Tex,
973 3745 1187 3815 Encyclcpaedia

155 3839 237 3904 juris,
255 3838 444 3892 Amstclodami
463 3841 538 3891 1839.
557 3841 596 3904 55.
611 3843 757 3892 212-214.
789 3839 891 3904 Stalai,
909 3833 1155 3902 Recbtapba'lcaopba‘t
1166 3831 1187 3885 1.

159 3927 242 3982 abab.
261 3929 282 3980 1.
307 3929 339 3981 Δ.
357 3930 380 3981 1.
427 3929 618 3994 Rossbach,
648 3928 690 3982 dic
713 3927 841 3982 Periodcn
865 3926 912 3978 der
936 3916 1188 3990 Rechtspbilcacpbc'a‘.

159 4015 291 4084 chcnsb.
316 4019 391 4068 1842.
413 4033 457 4086 pp.
478 4021 501 4068 1.
518 4034 573 4085 seq.
1114 4044 1116 4047 ·

215 4105 242 4172 3)
260 4104 384 4168 Veder,
401 4121 428 4172 p.
448 4105 489 4156 25.

215 4191 242 4261 4)
261 4191 384 4258 Veder,
402 4209 428 4260 p.
448 4194 489 4242 23.

215 4279 243 4348 b)
260 4280 385 4346 Vcdcr,
401 4296 427 4350 p.
445 4282 488 4332 42.
