3109 5292
656 563 696 641 2i'

164 772 234 820 nem
249 771 373 838 operam
391 753 481 820 dedit
504 755 624 822 Summa
639 763 747 836 autem,
763 775 843 839 quae
859 757 889 822 ei
904 764 970 822 erat
985 765 1016 820 et
1029 757 1060 820 in
1074 758 1194 822 renone

164 870 195 924 et
209 864 238 925 in
253 861 446 940 disserendo,
459 861 621 927 subtilitate
637 861 768 926 adhibita
784 871 815 926 et
822 862 967 927 llobbesii
981 865 1088 948 magis,
1104 883 1193 946 qnam

165 967 260 1032 Grotii
276 968 563 1051 vestigiapremens
577 985 692 1032 summa
703 969 783 1052 juris
794 969 938 1032 naturalis
954 971 1038 1051 quasi
1053 971 1193 1054 (logmata

163 1074 389 1138 aeuuratissime
404 1070 519 1136 definita
534 1075 708 1156 proposuit,
732 1081 765 1137 ut
780 1093 818 1137 ea
833 1074 872 1137 ad
886 1075 1111 1158 metaphysicae
1125 1079 1192 1139 sci-

163 1181 263 1242 entiae
293 1177 417 1242 sormam
451 1179 602 1242 accedere
634 1179 859 1255 videantur1).
898 1179 1001 1244 Finem
1025 1182 1193 1246 studiorum

163 1303 288 1349 suorum
302 1284 404 1348 habuit
419 1301 504 1364 eum,
526 1291 559 1347 ut
574 1293 679 1367 aperta
696 1287 877 1370 cognitaque
892 1287 1022 1350 veritate
1039 1287 1193 1370 Sapienti-

162 1391 222 1455 tus
241 1392 320 1456 riam*
340 1397 521 1454 monstraret
545 1397 604 1454 tam
628 1391 755 1452 coneilio
778 1392 797 1454 i.
813 1409 840 1454 e.
862 1391 1067 1474 persuadendi
1093 1393 1192 1472 modo,

163 1515 250 1579 ᾳιιιιιι
267 1497 395 1574 imperio
411 1499 430 1560 i.
446 1515 473 1560 e.
486 1497 634 1581 jubendo,
658 1499 688 1560 vi
710 1497 869 1580 potestatis
889 1497 963 1579 ipsis
985 1499 1193 1579 competentis,

162 1602 276 1666 stultos·
291 1603 428 1666 homines
449 1602 486 1665 ad
508 1604 588 1666 vitae
608 1603 782 1666 felicitatem
808 1603 951 1681 ducendi,
975 1602 1005 1665 id
1028 1604 1109 1685 qnod
1133 1602 1193 1668 ob·

164 1707 362 1791 temperando
378 1727 492 1772 summo
513 1709 642 1791 quodam
663 1709 812 1807 pripeipio
828 1717 860 1771 et
878 1708 971 1771 tribus
991 1725 1031 1770 ex
1051 1727 1089 1772 eo
1105 1728 1192 1773 snm-

163 1815 201 1878 tis
225 1817 398 1898 praeceptis
419 1815 496 1878 ellici
518 1833 612 1898 posse
628 1815 790 1879 contendit.
827 1814 882 1878 Est
900 1823 1000 1878 autem
1013 1814 1088 1879 illud
1102 1817 1192 1898 prin·

164 1921 273 2003 oipium
298 1921 371 1984 nihil
394 1919 474 1984 aliud
501 1920 557 1984 nisi
589 1919 794 2004 philosophiae
821 1919 945 1984 moralis
975 1920 1191 1986 Thomasianae

162 2026 238 2102 (hoe
253 2034 300 2089 est
308 2023 432 2109 Epicuri
448 2027 620 2103 doetrinae)
636 2027 760 2112 dogma:
780 2025 947 2092 „Facienda
962 2044 1033 2089 esse
1049 2045 1096 2106 ea,
1112 2045 1190 2108 quae

161 2131 251 2194 vitam
272 2131 423 2195 hominurn
443 2131 572 2196 reddant
591 2133 720 2196 maxime
742 2131 913 2196 diuturnam
928 2133 958 2194 el
974 2132 1189 2212 felicissimam,

162 2244 192 2300 et
214 2237 368 2316 eruenda,
392 2255 468 2318 quae
490 2239 580 2301 vitam
600 2239 728 2303 reddant
750 2238 903 2302 infelicem
925 2246 1113 2320 mortemque
1133 2258 1189 2303 ae-

162 2343 328 2406 oelerents‘
347 2341 520 2406 Consistere
537 2352 635 2406 autem
651 2345 679 2407 ei
695 2346 774 2407 vitae
790 2343 920 2408 ielieitas
935 2346 966 2407 in
980 2361 1058 2428 paee
1074 2338 1190 2408 interna

162 2457 193 2511 et
208 2457 335 2512 externa
349 2447 485 2524 videtum
500 2449 581 2512 illam
597 2451 680 2512 nasci
696 2467 731 2513 ac
745 2449 858 2512 firmari
873 2450 1043 2514 observatis
1057 2451 1189 2530 tanati,

161 2555 432 2636 nunciatumque
448 2556 741 2637 uecompraeeeptis
758 2553 798 2630 ²).
827 2554 886 2620 Sed
903 2557 1034 2619 omnium
1051 2555 1190 2638 primum,

161 2647 239 2742 quae
256 2660 332 2724 recti
349 2659 390 2722 sit
403 2677 439 2722 ao
455 2659 524 2722 boni
540 2666 627 2738 nuta,
650 2660 855 2741 quaerendum
871 2679 941 2723 esse
958 2668 1077 2740 censet,
1101 2680 1190 2725 enm-

161 2783 220 2848 que
232 2765 279 2828 ·ad
302 2764 408 2843 finem,
431 2772 464 2826 nt
484 2781 588 2827 omnes
609 2783 715 2828 verum
736 2767 853 2847 possint
873 2765 1055 2850 dignoscere
1071 2787 1088 2830 a
1104 2767 1189 2846 falsu,

162 2878 226 2934 tres
236 2870 422 2953 potissimum
436 2871 579 2934 formulas
591 2873 742 2953 proponit:
760 2881 791 2934 et
805 2875 954 2934 honesti
969 2873 1189 2954 quidemlranc:

163 2981 250 3054 Quod
272 2979 335 3054 uie,
358 2977 469 3038 autulii
490 2979 547 3039 riui
567 2980 706 3053 fuciunt,
738 2984 805 3039 tute
827 2979 884 3039 utut
905 2980 1030 3054 sara-ius,⁸
1057 2982 1189 3042 decori

161 3091 274 3148 autern:
297 3089 376 3162 quau
391 3085 447 3160 uia,
463 3092 499 3145 ut
515 3085 570 3146 ulii
585 3084 640 3146 titt
655 3085 790 3161 fuciunt,
810 3090 845 3146 tu
860 3084 938 3160 ipsis
951 3086 1073 3160 stacius,¹
1090 3087 1190 3159 justi

160 3189 306 3271 deniquo:
330 3197 410 3269 prod
424 3192 483 3252 liti
498 3208 560 3251 non
576 3193 623 3251 uia
636 3191 717 3266 fieri,
743 3192 838 3252 utteri
850 3208 891 3251 ne
905 3192 1020 3264 seceris
1036 3187 1076 3265 ³).

228 3295 414 3378 Unoquoqne
429 3296 487 3359 hoo
502 3295 650 3378 principio
671 3295 754 3358 velut
774 3295 899 3377 proprio
920 3312 976 3358 sno
996 3293 1189 3360 fundamento

162 3403 322 3486 peculiaris
340 3403 476 3467 doctrina
492 3403 603 3466 nititur.
633 3401 748 3464 Etenim
768 3403 889 3463 honesti
908 3409 1075 3484 praecepto
1089 3403 1189 3465 eonn-

217 3547 241 3613 1)
260 3547 324 3598 lude
340 3547 498 3598 Thomasius
514 3548 582 3613 juris
602 3547 730 3598 naturalis
748 3552 890 3614 praecepta
906 3563 992 3611 neque
1011 3563 1043 3596 ex
1060 3547 1187 3615 decalogo

161 3641 207 3685 eut
223 3635 373 3701 evangelio,
390 3651 476 3700 neque
489 3652 521 3685 ex
535 3636 667 3686 cummuni
678 3635 836 3702 populorum
847 3639 894 3685 uui
906 3634 1042 3685 doctorum
1058 3650 1188 3686 consensu

160 3721 296 3792 probanda
321 3740 379 3775 esse
404 3724 544 3774 existimat.
571 3723 623 3774 Cir.
643 3724 688 3787 jus
713 3729 765 3773 nat.
792 3728 872 3789 eaput
895 3722 1055 3789 prooeminle
1078 3725 1102 3785 §-
1119 3725 1143 3773 3.
1163 3725 1188 3773 9.

163 3814 285 3862 11-19.

215 3901 242 3969 2)
259 3901 321 3950 Vita
338 3899 450 3950 honesta
468 3897 516 3965 (ait
528 3898 586 3949 Lib.
599 3898 620 3948 I.
634 3913 656 3949 o.
670 3898 714 3947 VI.
728 3900 751 3960 5.
766 3898 817 3965 15.)
836 3897 864 3947 in
882 3913 913 3948 eu
932 3897 1065 3961 consistit,
1082 3902 1113 3947 ut
1127 3913 1186 3965 pro-

161 3990 307 4057 spiciuntur
325 3989 386 4054 paoi
405 3993 526 4038 aeternae
544 3987 651 4049 decora,
669 3991 699 4035 ut
715 3985 761 4036 alii
781 3985 932 4035 alliciuntur
947 3985 980 4036 ad
997 3984 1099 4036 auxilia
1109 3983 1186 4037 uobis

160 4076 311 4146 praebenda
323 4083 349 4128 et
361 4075 508 4142 aagendam
519 4091 611 4144 paoem
624 4081 768 4136 ueternum
781 4073 869 4139 justa:
888 4080 918 4124 ut
930 4073 976 4124 elii
988 4089 1041 4124 non
1053 4074 1187 4125 irritentur

161 4166 195 4218 ad
206 4164 362 4218 turbandam
374 4179 471 4232 paoem·
479 4169 620 4214 externam.

215 4253 242 4321 3)
260 4252 343 4304 Fuud.
362 4252 383 4302 Ι.
397 4267 420 4306 u.
432 4253 477 4304 v1.
496 4254 518 4315 fi.
535 4255 576 4302 21.
589 4253 701 4303 40-42.
