3109 5292
672 561 733 632 tii

182 745 300 808 tuum
315 755 358 802 ex
372 739 487 820 news,
504 739 600 805 veluti
614 741 642 804 si
656 740 786 806 solenni
801 739 891 804 nodo
907 741 1059 822 promisit,
1078 761 1107 809 r.
1123 761 1151 808 c.
1166 759 1224 825 per

182 845 421 920 waldonem
440 853 475 908 ut
488 843 569 927 apud
584 844 753 924 Romanos,
776 854 828 910 aut
842 846 870 912 si
886 847 1029 924 seriptis,
1049 847 1100 912 vel
1114 865 1224 934 eorem

185 951 319 1011 testibus
333 966 406 1015 sese
421 949 583 1033 obligavit3
603 967 665 1031 quo
680 948 762 1014 iacto
778 949 922 1016 solemnis
939 951 1139 1016 contrahendi
1154 968 1224 1019 nro·

184 1051 253 1131 dus,
277 1071 335 1136 pro
350 1054 545 1138 obligationis
560 1073 653 1119 eausa
667 1055 805 1119 babetur.
844 1054 911 1120 Nou
926 1053 985 1120 nisi
1000 1057 1031 1120 in
1046 1055 1224 1138 quibusdam

184 1157 304 1222 casibus
325 1177 367 1222 cr
389 1159 470 1222 uude
496 1160 700 1224 conventione
723 1159 941 1243 obligationem
965 1161 1051 1224 nasei
1073 1161 1224 1240 statuitur,

186 1261 307 1326 seilicet
321 1263 352 1324 in
366 1263 415 1341 iis,
428 1263 462 1327 in
476 1264 589 1345 quibus
601 1264 769 1328 solennem
782 1264 908 1328 formam
925 1263 1063 1329 adbiberi
1078 1265 1224 1347 frequens

186 1374 218 1428 et
231 1365 426 1447 quotidianus
441 1369 636 1450 negotiorum
655 1387 729 1434 usus
750 1372 891 1452 impedit,
915 1371 989 1435 licet
1007 1379 1088 1435 tanta
1103 1371 1142 1435 sit
1156 1372 1224 1454 ejus

184 1473 216 1534 in
240 1473 321 1534 vitae
351 1473 537 1536 commercio
560 1474 712 1556 gravitas,
740 1483 774 1539 ut
799 1476 825 1539 si
851 1475 941 1546 idern
970 1475 1078 1540 tallere
1105 1475 1224 1556 liceret,

184 1578 315 1642 maxima
329 1577 519 1642 nwnmoea
534 1580 706 1658 orirentur,
722 1579 853 1645 velutin
870 1579 1049 1642 emtionibus
1066 1586 1097 1642 et
1111 1577 1224 1643 uendi·

185 1679 335 1758 tionibus,
359 1680 561 1745 locationibus
583 1689 615 1745 et
636 1683 890 1748 conductionibus
914 1700 1018 1746 rernm
1041 1683 1224 1765 vulgarium,

183 1783 217 1847 in
231 1784 381 1850 mandetis
397 1793 429 1848 et
443 1785 657 1869 societatibus,
672 1789 724 1871 qui
740 1795 915 1852 contractus
930 1804 1036 1852 ornnes
1047 1788 1127 1870 juris
1141 1805 1224 1871 gen-

185 1889 259 1955 iiunu
273 1888 432 1954 habentur.

251 1993 304 2059 llis
317 1994 411 2077 igitur
424 1996 642 2080 obligationum
653 1996 820 2060 secundum
834 2013 897 2074 eas,
911 2011 986 2076 quas
999 1994 1147 2058 hactenus
1161 2013 1223 2058 ex-

184 2097 357 2179 posuimus,
372 2099 521 2179 rationes,
541 2100 655 2183 duplici
670 2102 724 2164 niti
739 2101 863 2164 videtur
878 2099 1088 2179 fundamento,
1110 2101 1222 2164 stricte

179 2202 328 2272 iuefitiue
340 2212 528 2282 praeopto,
544 2223 604 2283 guo
620 2206 727 2267 domni
742 2205 827 2267 illati
842 2207 1006 2281 reparatio
1015 2206 1156 2282 indetur,
1171 2212 1224 2268 aut

183 2324 306 2372 omna
325 2310 496 2387 aequitabit
517 2311 659 2386 ratione,
686 2328 767 2390 quae
786 2311 883 2393 pectis
905 2310 1065 2373 conventis
1086 2308 1223 2376 standum

185 2427 258 2475 esse
273 2413 431 2495 praecipit
467 2414 596 2478 Romani
611 2433 690 2499 ergo
705 2431 767 2478 non
783 2433 801 2477 a
816 2431 892 2478 vero
906 2414 1139 2493 aberraverunt,
1155 2433 1223 2478 curn

184 2516 286 2580 uarias
298 2517 498 2582 contrahendi
510 2517 624 2583 immas
639 2519 872 2602 distinguerent,
884 2525 915 2581 et
930 2535 1037 2582 eorum
1052 2517 1223 2582 distinctio·

184 2635 242 2682 nes
262 2621 293 2684 in
311 2629 503 2702 contractus,
518 2623 571 2703 qui
586 2641 639 2703 re,
660 2622 781 2700 verbis,
796 2621 893 2685 literis
910 2629 942 2684 et
957 2637 1111 2684 corrsensn
1126 2621 1222 2703 perii-

183 2724 323 2806 eitnrtur,
340 2724 433 2791 laude
448 2728 549 2809 petius
563 2747 651 2809 quern
667 2725 911 2808 reprehensione
927 2725 1039 2808 dignne
1055 2733 1126 2790 sunt
1140 2723 1178 2799 ¹).

253 2827 326 2892 109.
347 2829 487 2913 Apparet
498 2849 540 2894 ex
552 2832 599 2894 his
613 2848 693 2912 qnae
705 2847 801 2913 supra
815 2829 1048 2912 disputavimus,
1062 2828 1137 2892 duas
1151 2843 1223 2894 esse

184 2931 401 3016 obligetiununr
421 2951 547 3015 musas,
562 2936 642 3018 juris
661 2936 816 2999 laesiones
832 2937 893 3018 jen
913 2934 1009 2998 illatus
1028 2941 1062 2997 ct
1082 2948 1222 2998 eonven-

183 3038 300 3118 tiones,
314 3039 382 3103 sire
396 3042 561 3104 detictcet
576 3047 771 3103 connector.

252 3141 329 3206 Sunt
347 3151 510 3224 praeterea
529 3144 614 3208 aliae
633 3162 764 3224 musae,
789 3160 868 3224 quae
889 3141 1073 3206 necessitate
1094 3139 1222 3224 quadus

185 3245 380 3330 ougnuons
400 3248 522 3314 vincula
543 3250 744 3327 constituunt,
764 3247 860 3310 veluti
875 3247 901 3309 si
916 3261 969 3310 res
985 3247 1118 3329 plurium
1134 3263 1223 3310 eorn-

185 3353 285 3416 munis
294 3353 453 3434 sitguoin
464 3370 551 3432 casn,
560 3371 630 3417 cuer
638 3355 709 3436 jorn
718 3371 774 3435 pre
784 3351 915 3416 indiviso
925 3350 1051 3416 contusa
1062 3352 1132 3432 sint,
1142 3369 1224 3416 neu·

186 3460 234 3517 ter
243 3454 283 3519 de
294 3473 352 3520 suo
365 3455 531 3540 disponere
541 3457 627 3522 solus
639 3464 751 3538 potest,
759 3456 834 3538 quin
839 3457 894 3538 jus
901 3455 1029 3520 alterius
1038 3457 1152 3534 laedat3
1164 3456 1223 3520 ad·

186 3560 348 3642 estitaque
357 3561 504 3645 obligatio
513 3562 714 3626 communiter
724 3578 760 3624 ee
770 3578 807 3624 re
815 3559 919 3624 utendi
928 3567 960 3622 et
969 3559 1007 3620 de
1017 3577 1054 3622 ee
1064 3559 1223 3624 statuendi

252 3663 343 3729 Aliae
353 3683 479 3744 ermae,
487 3666 598 3747 quibus
608 3666 675 3730 sine
685 3665 798 3729 delicto
811 3665 862 3730 vel
872 3664 937 3728 sine
951 3661 1224 3726 couventioneob·

186 3767 293 3850 ligatio
308 3769 513 3846 constituitur,
527 3776 599 3832 sunt
610 3770 735 3852 negotia
749 3769 875 3832 ulterius
891 3768 958 3832 sine
971 3765 1108 3830 mandato
1123 3773 1223 3850 gestu,

186 3869 313 3934 indebiti
329 3873 479 3954 receptio,
495 3871 660 3952 abqumdo
680 3873 808 3955 alicujus
827 3872 875 3934 rei
893 3872 1065 3953 possessio,
1088 3880 1223 3950 ceterae,

178 3991 265 4056 gnus
277 3993 384 4039 omnes
396 3975 523 4040 Rerum
536 3978 639 4041 ranas
652 3976 938 4059 causarum-figuras
951 3975 1103 4056 appellere
1117 3977 1224 4040 solent

243 4128 269 4194 1)
287 4128 400 4179 Accedit
412 4127 478 4180 haee
490 4135 582 4182 nostre
594 4129 715 4182 doctrine
727 4128 760 4180 ed
773 4145 843 4194 eam,
862 4143 942 4195 quam
957 4125 990 4180 A.
1003 4127 1222 4184 Schma'luiur

185 4213 269 4267 uelit
285 4217 310 4279 5.
325 4217 485 4269 loe-tro.
