3109 5292
695 523 716 590 7

191 707 282 793 pibus
305 707 456 772 anteriore
479 708 499 772 i.
523 725 549 772 e.
575 725 616 772 cx
641 707 708 791 ipsa
728 706 858 771 hominis
881 713 988 770 natura
1010 705 1164 773 deducere
1181 703 1221 784 ¹).

192 810 349 880 Ciceronis
371 813 408 879 de
428 817 499 899 jure
522 821 554 878 et
573 813 688 896 justitia
712 812 851 876 doctrina
875 813 980 896 paucis
1004 812 1107 877 verbis
1132 830 1220 879 cont·

191 919 343 1002 prehensa
364 937 401 984 eo
420 920 524 986 redire
540 920 674 983 videtur:

256 1023 370 1088 Natura
388 1026 467 1108 juris
486 1025 523 1088 ab
543 1025 671 1088 hominis
689 1031 796 1088 natura
811 1024 990 1108 repetenda.
1020 1025 1103 1090 Haec
1121 1031 1221 1090 autem

192 1148 229 1192 ea
252 1138 315 1208 est,
342 1137 375 1194 ut
396 1131 513 1194 ratione
536 1131 625 1194 bomo
647 1130 803 1213 praeditus
826 1131 880 1210 sit,
908 1148 987 1213 qnae
1010 1131 1040 1194 ci
1064 1148 1131 1195 cum
1154 1130 1220 1192 Deo

193 1236 357 1300 communis
374 1243 429 1300 est.
459 1235 551 1300 Recta
567 1236 645 1301 enim
664 1236 740 1299 ratic
757 1235 787 1297 in
802 1235 896 1317 Jove,
919 1239 1006 1322 cujus
1020 1253 1105 1299 mens
1122 1233 1221 1300 divina

191 1359 306 1406 summa
327 1341 380 1405 lex
400 1348 462 1422 est,
486 1360 545 1424 qua
566 1341 644 1406 coeti
665 1348 697 1404 ct
717 1349 819 1404 terrae
840 1341 1097 1423 humanarumque
1118 1358 1221 1407 rerunt

192 1451 334 1511 aeternus
350 1445 426 1510 crdo
441 1447 633 1514 constituitur
645 1451 676 1508 et
687 1446 806 1528 regitur
812 1465 821 1524 3
845 1447 875 1511 in
890 1447 1019 1510 hominis
1031 1454 1131 1509 mente
1143 1462 1221 1529 per-

190 1550 270 1616 fecta
285 1552 431 1634 sapientia
447 1549 475 1628 ⁹)
492 1569 527 1614 ac
542 1569 616 1614 vera
632 1551 839 1634 cognoscendi
855 1559 885 1614 ct
895 1554 979 1638 justa
994 1550 1145 1616 statuendi
1159 1569 1221 1634 po·

191 1664 295 1722 testas.
324 1657 427 1740 ltaque
445 1656 520 1740 justi
540 1675 650 1722 sensus
671 1665 702 1720 et
722 1658 867 1739 appetitio
887 1659 941 1723 toti
960 1658 1069 1742 generi
1088 1657 1220 1722 humano

191 1763 376 1847 ingenerata.
414 1762 487 1826 Inde
508 1771 635 1827 naturae
652 1763 720 1845 jus,
742 1762 823 1844 quod
844 1763 931 1827 nobis
950 1781 1010 1826 non
1025 1763 1141 1844 opinio,
1164 1762 1221 1826 scd
1269 1799 1275 1805 ·

192 1871 293 1936 innata
310 1862 458 1952 quaedam
473 1871 520 1936 vis
537 1870 626 1935 affert
639 1879 673 1934 ut
686 1870 883 1954 religionem,
906 1869 1060 1953 pictatem,
1082 1871 1220 1952 gratiam,

191 1976 436 2059 vindicationem,
460 1977 698 2056 observantiam,
720 1977 878 2040 veritatem
894 1971 940 2051 ³];
962 1973 1031 2038 inde
1046 1975 1128 2039 initia
1140 1975 1221 2060 juris

191 2085 335 2168 gentium,
351 2081 432 2165 quod
444 2083 574 2148 naturali
587 2084 706 2148 ratione
719 2083 910 2145 constitutum
925 2078 1004 2164 apud
1018 2098 1123 2147 omnes
1137 2099 1220 2165 gen-

191 2196 236 2252 tes
256 2207 409 2272 peraeque
430 2187 620 2253 observatur.
650 2187 715 2252 Hoc
734 2187 861 2250 Romani
882 2205 943 2252 non
966 2187 1062 2250 solum
1083 2185 1121 2250 ad
1141 2186 1220 2252 diri·

190 2293 314 2358 mendas
334 2294 413 2357 inter
433 2295 616 2376 peregrinos
636 2293 718 2374 lites,
750 2291 808 2356 sed
828 2293 915 2356 etiam
935 2292 967 2354 in
987 2292 1099 2356 civium
1119 2293 1219 2356 causis

188 2399 260 2482 juro
280 2398 360 2462 civili
376 2416 437 2462 non
453 2399 582 2463 definitis
598 2399 685 2481 sequi
701 2397 850 2462 solebant.
880 2397 912 2460 ln
928 2396 1035 2462 eodem
1049 2396 1142 2462 multa
1156 2398 1219 2460 nti-

192 2503 283 2568 titatis
298 2521 388 2568 causa
401 2505 534 2568 instituta
546 2504 726 2588 legibusque
739 2502 854 2595 firmata
866 2510 949 2580 sunt3
970 2511 1002 2566 at
1012 2502 1220 2568 stultissimum

193 2617 240 2674 est
254 2611 451 2692 existimare,
466 2611 565 2673 omnia
580 2611 611 2672 in
626 2627 661 2672 se
671 2611 754 2692 justa
770 2627 850 2689 esse,
873 2628 952 2695 quac
967 2609 1025 2672 sita
1040 2609 1100 2672 sint
1113 2609 1144 2671 in
1158 2626 1218 2694 pc-

191 2718 332 2800 puiorum
347 2716 466 2800 iegibus
487 2723 577 2797 atque
596 2713 747 2778 institutis.
777 2715 852 2778 Nam
868 2723 991 2784 aeterna
1007 2733 1043 2778 ac
1059 2733 1133 2779 vera
1146 2715 1220 2799 justi

193 2823 246 2888 tex
263 2831 293 2888 ct
312 2831 396 2887 recta
411 2824 503 2902 ratio,
526 2841 604 2904 quae
620 2829 709 2886 vocat
723 2820 760 2884 ad
776 2820 904 2884 officium
913 2819 1064 2904 jubendo,
1088 2820 1220 2885 vetando

194 2947 211 2994 a
231 2928 338 2994 fraude
358 2927 507 3007 deterret,
532 2925 675 3012 abrogari
694 2944 755 2991 non
775 2934 884 3009 potest
919 2923 1061 3007 Sequitur
1081 2924 1165 3005 inde,
1187 2933 1222 2990 at

193 3054 300 3100 verum
325 3033 404 3099 istud
427 3036 481 3112 sit,
511 3032 590 3116 qnod
612 3034 776 3097 doctissimi
799 3033 856 3096 viri
879 3032 997 3096 dicunt:
1024 3030 1160 3097 homines
1183 3032 1220 3095 ad

189 3141 336 3226 justitiam
352 3157 421 3204 esse
437 3147 523 3203 natos
529 3160 538 3216 ;
561 3139 713 3202 bominum
729 3139 808 3202 enim
823 3146 928 3200 natura
944 3137 984 3200 ita
1001 3144 1048 3200 est
1063 3145 1220 3223 generata,

193 3254 227 3310 ut
241 3246 349 3309 habeat
361 3244 502 3327 quiddam
514 3245 646 3308 innatum
658 3246 744 3326 quasi
760 3244 850 3331 civite
865 3250 954 3325 atque
969 3242 1125 3325 populare,
1140 3242 1219 3325 quod

194 3351 304 3416 Graeci
315 3349 467 3415 πολιτικὸν
480 3359 604 3431 vocant,
628 3349 770 3432 quodque
782 3351 888 3413 nititur
899 3349 1108 3412 communitate
1122 3354 1153 3410 et
1164 3367 1220 3412 so-

194 3459 302 3521 cietate
317 3456 444 3521 humana
461 3463 492 3518 et
511 3457 576 3538 ipsa
592 3458 716 3540 generis
732 3456 853 3519 hnmani
870 3455 1011 3534 caritate,
1034 3473 1111 3536 quae
1131 3453 1221 3517 animi

194 3563 313 3628 affectio
330 3582 417 3628 suum
432 3564 542 3645 cuique
558 3563 692 3627 tribuens
708 3571 797 3644 atquc
813 3561 986 3625 societatem
1002 3561 1221 3643 conjunctionis

193 3669 342 3734 hnmanae
356 3668 494 3732 munifice
510 3677 541 3732 et
556 3687 653 3751 acque
668 3676 757 3732 tuens
766 3669 895 3742 justitia
910 3662 1071 3741 dicitur4).
1094 3664 1130 3728 Et
1144 3665 1221 3729 baec

194 3775 315 3860 quidem
336 3793 372 3838 ca
392 3781 452 3854 est,
476 3793 534 3857 qua
549 3773 674 3839 fundata
689 3773 862 3854 respublica
879 3772 933 3848 sit;
955 3788 1036 3852 quac
1051 3771 1130 3833 enim
1144 3770 1220 3834 bar·

249 3967 274 4034 1)
293 3967 334 4017 De
351 3965 469 4032 Legibus
485 3965 506 4014 1.

250 4054 276 4120 2)
294 4053 335 4104 Dc
353 4054 435 4120 Legg.
454 4052 493 4115 11,
512 4051 536 4102 5.

238 4142 275 4208 a)
293 4143 334 4194 Dc
351 4142 507 4192 Inventione
525 4139 563 4201 11,
584 4141 625 4190 22.

248 4231 276 4299 4)
295 4231 350 4284 Cic.
369 4230 401 4284 da
418 4230 476 4282 Pin.
494 4230 528 4294 V,
548 4229 590 4280 23.
