<?xml version="1.0" encoding="UTF-8"?>
<!DOCTYPE html PUBLIC "-//W3C//DTD XHTML 1.0 Transitional//EN"
    "http://www.w3.org/TR/xhtml1/DTD/xhtml1-transitional.dtd">
<html xmlns="http://www.w3.org/1999/xhtml" xml:lang="en" lang="en">
 <head>
  <title>
</title>
<meta http-equiv="Content-Type" content="text/html;charset=utf-8" />
  <meta name='ocr-system' content='tesseract 3.04.00' />
  <meta name='ocr-capabilities' content='ocr_page ocr_carea ocr_par ocr_line ocrx_word'/>
</head>
<body>
  <div class='ocr_page' id='page_1' title='image "./philosophiaejur00warngoog_0048.png"; bbox 0 0 3109 5292; ppageno 0'>
   <div class='ocr_carea' id='block_1_1' title="bbox 670 535 714 605">
    <p class='ocr_par' dir='ltr' id='par_1_1' title="bbox 670 535 714 605">
     <span class='ocr_line' id='line_1_1' title="bbox 670 535 714 605; baseline 0 0"><span class='ocrx_word' id='word_1_1' title='bbox 670 535 714 605; x_wconf 67' lang='lat' dir='ltr'>dl</span> 
     </span>
    </p>
   </div>
   <div class='ocr_carea' id='block_1_2' title="bbox 162 713 1227 3822">
    <p class='ocr_par' dir='ltr' id='par_1_2' title="bbox 171 713 1227 2043">
     <span class='ocr_line' id='line_1_2' title="bbox 173 713 1213 798; baseline 0.001 -19"><span class='ocrx_word' id='word_1_2' title='bbox 173 715 335 780; x_wconf 82' lang='lat' dir='ltr'>existimat</span> <span class='ocrx_word' id='word_1_3' title='bbox 365 714 513 778; x_wconf 83' lang='lat' dir='ltr'>Omnibus</span> <span class='ocrx_word' id='word_1_4' title='bbox 534 713 656 798; x_wconf 85' lang='lat' dir='ltr'>quidem</span> <span class='ocrx_word' id='word_1_5' title='bbox 675 716 727 797; x_wconf 90' lang='lat' dir='ltr'>jus</span> <span class='ocrx_word' id='word_1_6' title='bbox 748 713 780 777; x_wconf 91' lang='lat' dir='ltr'>in</span> <span class='ocrx_word' id='word_1_7' title='bbox 802 715 902 780; x_wconf 87' lang='lat' dir='ltr'>omnia</span> <span class='ocrx_word' id='word_1_8' title='bbox 931 722 1124 797; x_wconf 75' lang='lat' dir='ltr'>competere,</span> <span class='ocrx_word' id='word_1_9' title='bbox 1154 716 1213 780; x_wconf 85' lang='lat' dir='ltr'>scd</span> 
     </span>
     <span class='ocr_line' id='line_1_3' title="bbox 173 818 1212 902; baseline 0.001 -20"><span class='ocrx_word' id='word_1_10' title='bbox 173 821 323 883; x_wconf 87' lang='lat' dir='ltr'>nemiuem</span> <span class='ocrx_word' id='word_1_11' title='bbox 340 819 499 902; x_wconf 78' lang='lat' dir='ltr'><strong>adstringi,</strong></span> <span class='ocrx_word' id='word_1_12' title='bbox 515 827 557 897; x_wconf 87' lang='lat' dir='ltr'>ut,</span> <span class='ocrx_word' id='word_1_13' title='bbox 574 818 655 900; x_wconf 93' lang='lat' dir='ltr'>quod</span> <span class='ocrx_word' id='word_1_14' title='bbox 671 818 722 882; x_wconf 94' lang='lat' dir='ltr'>alii</span> <span class='ocrx_word' id='word_1_15' title='bbox 737 819 971 902; x_wconf 78' lang='lat' dir='ltr'>occupaverint,</span> <span class='ocrx_word' id='word_1_16' title='bbox 995 820 1056 883; x_wconf 90' lang='lat' dir='ltr'>illis</span> <span class='ocrx_word' id='word_1_17' title='bbox 1073 819 1212 883; x_wconf 89' lang='lat' dir='ltr'>derelin-</span> 
     </span>
     <span class='ocr_line' id='line_1_4' title="bbox 173 923 1227 1006; baseline -0.004 -18"><span class='ocrx_word' id='word_1_18' title='bbox 173 932 261 1006; x_wconf 89' lang='lat' dir='ltr'>quat;</span> <span class='ocrx_word' id='word_1_19' title='bbox 284 923 415 1004; x_wconf 89' lang='lat' dir='ltr'>ideoque</span> <span class='ocrx_word' id='word_1_20' title='bbox 428 931 541 988; x_wconf 85' lang='lat' dir='ltr'>statum</span> <span class='ocrx_word' id='word_1_21' title='bbox 554 923 723 986; x_wconf 71' lang='lat' dir='ltr'>naturalem</span> <span class='ocrx_word' id='word_1_22' title='bbox 744 925 805 997; x_wconf 85' lang='lat' dir='ltr'>(uti</span> <span class='ocrx_word' id='word_1_23' title='bbox 826 925 907 986; x_wconf 90' lang='lat' dir='ltr'>inter</span> <span class='ocrx_word' id='word_1_24' title='bbox 921 923 1057 999; x_wconf 82' lang='lat' dir='ltr'>belluas)</span> <span class='ocrx_word' id='word_1_25' title='bbox 1079 925 1227 988; x_wconf 85' lang='lat' dir='ltr'>omnium.</span> 
     </span>
     <span class='ocr_line' id='line_1_5' title="bbox 174 1026 1212 1108; baseline 0.001 -16"><span class='ocrx_word' id='word_1_26' title='bbox 174 1038 279 1092; x_wconf 90' lang='lat' dir='ltr'>contra</span> <span class='ocrx_word' id='word_1_27' title='bbox 299 1046 405 1092; x_wconf 89' lang='lat' dir='ltr'>omnes</span> <span class='ocrx_word' id='word_1_28' title='bbox 427 1028 538 1091; x_wconf 85' lang='lat' dir='ltr'>bellurn</span> <span class='ocrx_word' id='word_1_29' title='bbox 563 1045 633 1090; x_wconf 88' lang='lat' dir='ltr'>esso</span> <span class='ocrx_word' id='word_1_30' title='bbox 657 1026 731 1090; x_wconf 86' lang='lat' dir='ltr'>dicit</span> <span class='ocrx_word' id='word_1_31' title='bbox 753 1028 895 1093; x_wconf 88' lang='lat' dir='ltr'>omnibus</span> <span class='ocrx_word' id='word_1_32' title='bbox 918 1028 1212 1108; x_wconf 85' lang='lat' dir='ltr'>periculosissimum</span> 
     </span>
     <span class='ocr_line' id='line_1_6' title="bbox 173 1132 1212 1216; baseline -0.002 -19"><span class='ocrx_word' id='word_1_33' title='bbox 173 1141 265 1216; x_wconf 86' lang='lat' dir='ltr'>atque</span> <span class='ocrx_word' id='word_1_34' title='bbox 280 1135 452 1197; x_wconf 83' lang='lat' dir='ltr'>exitiosum.</span> <span class='ocrx_word' id='word_1_35' title='bbox 481 1132 515 1194; x_wconf 94' lang='lat' dir='ltr'>ln</span> <span class='ocrx_word' id='word_1_36' title='bbox 535 1133 594 1195; x_wconf 85' lang='lat' dir='ltr'>lroo</span> <span class='ocrx_word' id='word_1_37' title='bbox 620 1132 698 1194; x_wconf 89' lang='lat' dir='ltr'>enirn</span> <span class='ocrx_word' id='word_1_38' title='bbox 720 1139 800 1197; x_wconf 85' lang='lat' dir='ltr'>statu</span> <span class='ocrx_word' id='word_1_39' title='bbox 823 1132 950 1213; x_wconf 79' lang='lat' dir='ltr'>quilibet</span> <span class='ocrx_word' id='word_1_40' title='bbox 971 1151 1032 1195; x_wconf 93' lang='lat' dir='ltr'>non</span> <span class='ocrx_word' id='word_1_41' title='bbox 1053 1134 1112 1196; x_wconf 92' lang='lat' dir='ltr'>nisi</span> <span class='ocrx_word' id='word_1_42' title='bbox 1134 1152 1212 1215; x_wconf 90' lang='lat' dir='ltr'>pro-</span> 
     </span>
     <span class='ocr_line' id='line_1_7' title="bbox 172 1236 1212 1322; baseline 0 -21"><span class='ocrx_word' id='word_1_43' title='bbox 172 1240 270 1322; x_wconf 87' lang='lat' dir='ltr'>prium</span> <span class='ocrx_word' id='word_1_44' title='bbox 287 1238 472 1302; x_wconf 86' lang='lat' dir='ltr'>commodum</span> <span class='ocrx_word' id='word_1_45' title='bbox 488 1239 686 1318; x_wconf 84' lang='lat' dir='ltr'>prosequitur</span> <span class='ocrx_word' id='word_1_46' title='bbox 701 1255 760 1300; x_wconf 88' lang='lat' dir='ltr'>neo</span> <span class='ocrx_word' id='word_1_47' title='bbox 781 1236 843 1317; x_wconf 89' lang='lat' dir='ltr'>ulla</span> <span class='ocrx_word' id='word_1_48' title='bbox 863 1240 914 1311; x_wconf 91' lang='lat' dir='ltr'>(ut</span> <span class='ocrx_word' id='word_1_49' title='bbox 934 1237 1018 1300; x_wconf 88' lang='lat' dir='ltr'>multi</span> <span class='ocrx_word' id='word_1_50' title='bbox 1039 1237 1117 1301; x_wconf 82' lang='lat' dir='ltr'>laiso</span> <span class='ocrx_word' id='word_1_51' title='bbox 1137 1257 1212 1301; x_wconf 90' lang='lat' dir='ltr'>cre·</span> 
     </span>
     <span class='ocr_line' id='line_1_8' title="bbox 173 1339 1214 1421; baseline 0 -15"><span class='ocrx_word' id='word_1_52' title='bbox 173 1343 264 1419; x_wconf 86' lang='lat' dir='ltr'>dunt)</span> <span class='ocrx_word' id='word_1_53' title='bbox 287 1342 500 1408; x_wconf 86' lang='lat' dir='ltr'>benevolentia</span> <span class='ocrx_word' id='word_1_54' title='bbox 528 1339 654 1420; x_wconf 89' lang='lat' dir='ltr'>ductus,</span> <span class='ocrx_word' id='word_1_55' title='bbox 684 1341 773 1405; x_wconf 89' lang='lat' dir='ltr'>modo</span> <span class='ocrx_word' id='word_1_56' title='bbox 802 1342 850 1404; x_wconf 88' lang='lat' dir='ltr'>sui</span> <span class='ocrx_word' id='word_1_57' title='bbox 880 1342 976 1421; x_wconf 90' lang='lat' dir='ltr'>ipsius</span> <span class='ocrx_word' id='word_1_58' title='bbox 1008 1343 1214 1406; x_wconf 84' lang='lat' dir='ltr'>conservandi</span> 
     </span>
     <span class='ocr_line' id='line_1_9' title="bbox 173 1445 1213 1532; baseline -0.002 -21"><span class='ocrx_word' id='word_1_59' title='bbox 173 1448 272 1532; x_wconf 75' lang='lat' dir='ltr'>gratia</span> <span class='ocrx_word' id='word_1_60' title='bbox 285 1447 414 1528; x_wconf 89' lang='lat' dir='ltr'>reliquis</span> <span class='ocrx_word' id='word_1_61' title='bbox 429 1463 545 1509; x_wconf 89' lang='lat' dir='ltr'>nocere</span> <span class='ocrx_word' id='word_1_62' title='bbox 562 1445 675 1523; x_wconf 86' lang='lat' dir='ltr'>studet,</span> <span class='ocrx_word' id='word_1_63' title='bbox 691 1445 944 1526; x_wconf 87' lang='lat' dir='ltr'>quemadmodum</span> <span class='ocrx_word' id='word_1_64' title='bbox 959 1453 990 1508; x_wconf 90' lang='lat' dir='ltr'>et</span> <span class='ocrx_word' id='word_1_65' title='bbox 1006 1447 1074 1528; x_wconf 91' lang='lat' dir='ltr'>ipse</span> <span class='ocrx_word' id='word_1_66' title='bbox 1088 1465 1213 1528; x_wconf 87' lang='lat' dir='ltr'>semper</span> 
     </span>
     <span class='ocr_line' id='line_1_10' title="bbox 171 1549 1212 1632; baseline -0.002 -16"><span class='ocrx_word' id='word_1_67' title='bbox 171 1551 292 1616; x_wconf 89' lang='lat' dir='ltr'>illorum</span> <span class='ocrx_word' id='word_1_68' title='bbox 308 1559 413 1614; x_wconf 88' lang='lat' dir='ltr'>eontra</span> <span class='ocrx_word' id='word_1_69' title='bbox 428 1568 463 1614; x_wconf 89' lang='lat' dir='ltr'>se</span> <span class='ocrx_word' id='word_1_70' title='bbox 478 1551 622 1632; x_wconf 88' lang='lat' dir='ltr'>impetum</span> <span class='ocrx_word' id='word_1_71' title='bbox 638 1551 812 1630; x_wconf 88' lang='lat' dir='ltr'>suspicatur</span> <span class='ocrx_word' id='word_1_72' title='bbox 827 1567 863 1612; x_wconf 91' lang='lat' dir='ltr'>ac</span> <span class='ocrx_word' id='word_1_73' title='bbox 878 1551 973 1612; x_wconf 85' lang='lat' dir='ltr'>timet.</span> <span class='ocrx_word' id='word_1_74' title='bbox 1008 1549 1069 1613; x_wconf 86' lang='lat' dir='ltr'>Sed</span> <span class='ocrx_word' id='word_1_75' title='bbox 1090 1568 1212 1632; x_wconf 76' lang='lat' dir='ltr'>regun-</span> 
     </span>
     <span class='ocr_line' id='line_1_11' title="bbox 173 1653 1212 1737; baseline -0.002 -19"><span class='ocrx_word' id='word_1_76' title='bbox 173 1663 223 1718; x_wconf 91' lang='lat' dir='ltr'>tur</span> <span class='ocrx_word' id='word_1_77' title='bbox 237 1656 372 1718; x_wconf 85' lang='lat' dir='ltr'>homines</span> <span class='ocrx_word' id='word_1_78' title='bbox 388 1655 478 1718; x_wconf 86' lang='lat' dir='ltr'>etiarn</span> <span class='ocrx_word' id='word_1_79' title='bbox 493 1654 565 1737; x_wconf 79' lang='lat' dir='ltr'>lego</span> <span class='ocrx_word' id='word_1_80' title='bbox 581 1654 709 1716; x_wconf 89' lang='lat' dir='ltr'>naturali</span> <span class='ocrx_word' id='word_1_81' title='bbox 724 1660 857 1730; x_wconf 61' lang='lat' dir='ltr'>‚rectae</span> <span class='ocrx_word' id='word_1_82' title='bbox 871 1654 1050 1728; x_wconf 78' lang='lat' dir='ltr'>cotionia“,</span> <span class='ocrx_word' id='word_1_83' title='bbox 1071 1671 1151 1734; x_wconf 91' lang='lat' dir='ltr'>quae</span> <span class='ocrx_word' id='word_1_84' title='bbox 1174 1653 1212 1716; x_wconf 87' lang='lat' dir='ltr'>iis</span> 
     </span>
     <span class='ocr_line' id='line_1_12' title="bbox 173 1757 1211 1840; baseline -0.004 -16"><span class='ocrx_word' id='word_1_85' title='bbox 173 1760 281 1838; x_wconf 88' lang='lat' dir='ltr'>dietat,</span> <span class='ocrx_word' id='word_1_86' title='bbox 301 1775 450 1840; x_wconf 86' lang='lat' dir='ltr'>quaenam</span> <span class='ocrx_word' id='word_1_87' title='bbox 466 1758 605 1822; x_wconf 77' lang='lat' dir='ltr'>facienda</span> <span class='ocrx_word' id='word_1_88' title='bbox 620 1757 671 1820; x_wconf 87' lang='lat' dir='ltr'>vel</span> <span class='ocrx_word' id='word_1_89' title='bbox 686 1757 851 1820; x_wconf 89' lang='lat' dir='ltr'>omittenda</span> <span class='ocrx_word' id='word_1_90' title='bbox 866 1759 927 1821; x_wconf 88' lang='lat' dir='ltr'>sint</span> <span class='ocrx_word' id='word_1_91' title='bbox 941 1758 981 1820; x_wconf 92' lang='lat' dir='ltr'>ad</span> <span class='ocrx_word' id='word_1_92' title='bbox 1000 1758 1091 1820; x_wconf 79' lang='lat' dir='ltr'>uitam</span> <span class='ocrx_word' id='word_1_93' title='bbox 1111 1775 1211 1820; x_wconf 86' lang='lat' dir='ltr'>mern-</span> 
     </span>
     <span class='ocr_line' id='line_1_13' title="bbox 172 1850 1212 1945; baseline -0.003 -18"><span class='ocrx_word' id='word_1_94' title='bbox 172 1850 310 1941; x_wconf 81' lang='lat' dir='ltr'>urorum,</span> <span class='ocrx_word' id='word_1_95' title='bbox 334 1881 474 1944; x_wconf 86' lang='lat' dir='ltr'>quaeque</span> <span class='ocrx_word' id='word_1_96' title='bbox 495 1862 532 1926; x_wconf 90' lang='lat' dir='ltr'>ad</span> <span class='ocrx_word' id='word_1_97' title='bbox 553 1862 834 1941; x_wconf 87' lang='lat' dir='ltr'>conservationem,</span> <span class='ocrx_word' id='word_1_98' title='bbox 857 1869 1002 1942; x_wconf 90' lang='lat' dir='ltr'>qnantum</span> <span class='ocrx_word' id='word_1_99' title='bbox 1017 1862 1084 1926; x_wconf 85' lang='lat' dir='ltr'>lieri</span> <span class='ocrx_word' id='word_1_100' title='bbox 1099 1869 1212 1945; x_wconf 88' lang='lat' dir='ltr'>potest,</span> 
     </span>
     <span class='ocr_line' id='line_1_14' title="bbox 172 1966 399 2043; baseline 0 -13"><span class='ocrx_word' id='word_1_101' title='bbox 172 1967 342 2033; x_wconf 88' lang='lat' dir='ltr'>diuturnam</span> <span class='ocrx_word' id='word_1_102' title='bbox 360 1966 399 2043; x_wconf 86' lang='lat'>1).</span> 
     </span>
    </p>

    <p class='ocr_par' dir='ltr' id='par_1_3' title="bbox 162 2067 1212 3822">
     <span class='ocr_line' id='line_1_15' title="bbox 237 2067 1212 2155; baseline -0.004 -19"><span class='ocrx_word' id='word_1_103' title='bbox 237 2072 281 2136; x_wconf 76' lang='lat' dir='ltr'>lla</span> <span class='ocrx_word' id='word_1_104' title='bbox 303 2073 374 2155; x_wconf 84' lang='lat' dir='ltr'>lege</span> <span class='ocrx_word' id='word_1_105' title='bbox 398 2070 545 2134; x_wconf 89' lang='lat' dir='ltr'>docentur</span> <span class='ocrx_word' id='word_1_106' title='bbox 571 2069 725 2147; x_wconf 89' lang='lat' dir='ltr'>homines,</span> <span class='ocrx_word' id='word_1_107' title='bbox 751 2069 921 2132; x_wconf 88' lang='lat' dir='ltr'>communis</span> <span class='ocrx_word' id='word_1_108' title='bbox 947 2070 1085 2132; x_wconf 87' lang='lat' dir='ltr'>utilitatis</span> <span class='ocrx_word' id='word_1_109' title='bbox 1111 2067 1212 2153; x_wconf 79' lang='lat' dir='ltr'>gratia</span> 
     </span>
     <span class='ocr_line' id='line_1_16' title="bbox 168 2174 1210 2256; baseline -0.009 -13"><span class='ocrx_word' id='word_1_110' title='bbox 168 2177 254 2243; x_wconf 85' lang='lat' dir='ltr'>bello</span> <span class='ocrx_word' id='word_1_111' title='bbox 267 2177 310 2240; x_wconf 92' lang='lat' dir='ltr'>illi</span> <span class='ocrx_word' id='word_1_112' title='bbox 324 2178 355 2238; x_wconf 92' lang='lat' dir='ltr'>in</span> <span class='ocrx_word' id='word_1_113' title='bbox 369 2175 500 2240; x_wconf 73' lang='lat' dir='ltr'>naturali</span> <span class='ocrx_word' id='word_1_114' title='bbox 515 2181 596 2238; x_wconf 90' lang='lat' dir='ltr'>statu</span> <span class='ocrx_word' id='word_1_115' title='bbox 619 2175 710 2238; x_wconf 82' lang='lat' dir='ltr'>finem</span> <span class='ocrx_word' id='word_1_116' title='bbox 726 2192 798 2238; x_wconf 87' lang='lat' dir='ltr'>esse</span> <span class='ocrx_word' id='word_1_117' title='bbox 813 2174 1028 2256; x_wconf 88' lang='lat' dir='ltr'>imponendum</span> <span class='ocrx_word' id='word_1_118' title='bbox 1042 2183 1075 2237; x_wconf 91' lang='lat' dir='ltr'>et</span> <span class='ocrx_word' id='word_1_119' title='bbox 1088 2192 1210 2250; x_wconf 68' lang='lat' dir='ltr'>poena,</span> 
     </span>
     <span class='ocr_line' id='line_1_17' title="bbox 171 2278 1210 2362; baseline -0.004 -16"><span class='ocrx_word' id='word_1_120' title='bbox 171 2283 224 2346; x_wconf 93' lang='lat' dir='ltr'>ubi</span> <span class='ocrx_word' id='word_1_121' title='bbox 240 2282 345 2344; x_wconf 88' lang='lat' dir='ltr'>haberi</span> <span class='ocrx_word' id='word_1_122' title='bbox 359 2283 470 2362; x_wconf 88' lang='lat' dir='ltr'>possit,</span> <span class='ocrx_word' id='word_1_123' title='bbox 490 2278 715 2361; x_wconf 90' lang='lat' dir='ltr'>quaerendam,</span> <span class='ocrx_word' id='word_1_124' title='bbox 732 2287 783 2342; x_wconf 93' lang='lat' dir='ltr'>aut</span> <span class='ocrx_word' id='word_1_125' title='bbox 798 2280 871 2342; x_wconf 89' lang='lat' dir='ltr'>belli</span> <span class='ocrx_word' id='word_1_126' title='bbox 887 2279 1018 2357; x_wconf 83' lang='lat' dir='ltr'>auxilio,</span> <span class='ocrx_word' id='word_1_127' title='bbox 1039 2278 1091 2342; x_wconf 85' lang='lat' dir='ltr'>ubi</span> <span class='ocrx_word' id='word_1_128' title='bbox 1105 2278 1210 2342; x_wconf 82' lang='lat' dir='ltr'>baberi</span> 
     </span>
     <span class='ocr_line' id='line_1_18' title="bbox 170 2383 1209 2467; baseline -0.003 -19"><span class='ocrx_word' id='word_1_129' title='bbox 170 2403 232 2449; x_wconf 92' lang='lat' dir='ltr'>non</span> <span class='ocrx_word' id='word_1_130' title='bbox 247 2386 352 2467; x_wconf 92' lang='lat' dir='ltr'>possit.</span> <span class='ocrx_word' id='word_1_131' title='bbox 383 2385 549 2466; x_wconf 89' lang='lat' dir='ltr'>Utrumque</span> <span class='ocrx_word' id='word_1_132' title='bbox 565 2383 597 2446; x_wconf 87' lang='lat' dir='ltr'>iit</span> <span class='ocrx_word' id='word_1_133' title='bbox 612 2385 783 2446; x_wconf 82' lang='lat' dir='ltr'>concordio</span> <span class='ocrx_word' id='word_1_134' title='bbox 805 2392 836 2446; x_wconf 90' lang='lat' dir='ltr'>et</span> <span class='ocrx_word' id='word_1_135' title='bbox 857 2384 954 2466; x_wconf 89' lang='lat' dir='ltr'>pactis</span> <span class='ocrx_word' id='word_1_136' title='bbox 978 2383 1074 2460; x_wconf 89' lang='lat' dir='ltr'>initis,</span> <span class='ocrx_word' id='word_1_137' title='bbox 1100 2383 1209 2464; x_wconf 88' lang='lat' dir='ltr'>quibus</span> 
     </span>
     <span class='ocr_line' id='line_1_19' title="bbox 171 2483 1209 2572; baseline -0.004 -20"><span class='ocrx_word' id='word_1_138' title='bbox 171 2490 282 2572; x_wconf 80' lang='lat' dir='ltr'>singuli</span> <span class='ocrx_word' id='word_1_139' title='bbox 298 2491 370 2572; x_wconf 89' lang='lat' dir='ltr'>jura</span> <span class='ocrx_word' id='word_1_140' title='bbox 390 2489 540 2570; x_wconf 88' lang='lat' dir='ltr'>quaedam</span> <span class='ocrx_word' id='word_1_141' title='bbox 556 2489 587 2550; x_wconf 91' lang='lat' dir='ltr'>in</span> <span class='ocrx_word' id='word_1_142' title='bbox 609 2487 686 2550; x_wconf 89' lang='lat' dir='ltr'>alios</span> <span class='ocrx_word' id='word_1_143' title='bbox 706 2485 896 2550; x_wconf 82' lang='lat' dir='ltr'>transierunt</span> <span class='ocrx_word' id='word_1_144' title='bbox 911 2494 965 2549; x_wconf 88' lang='lat' dir='ltr'>aut</span> <span class='ocrx_word' id='word_1_145' title='bbox 978 2486 1154 2567; x_wconf 90' lang='lat' dir='ltr'>relinquunt</span> <span class='ocrx_word' id='word_1_146' title='bbox 1168 2483 1209 2562; x_wconf 73' lang='lat'>²).</span> 
     </span>
     <span class='ocr_line' id='line_1_20' title="bbox 171 2590 1209 2680; baseline -0.002 -24"><span class='ocrx_word' id='word_1_147' title='bbox 171 2593 256 2667; x_wconf 79' lang='lat' dir='ltr'>Quae</span> <span class='ocrx_word' id='word_1_148' title='bbox 271 2612 333 2674; x_wconf 87' lang='lat' dir='ltr'>pax</span> <span class='ocrx_word' id='word_1_149' title='bbox 349 2593 504 2656; x_wconf 86' lang='lat' dir='ltr'>societatis</span> <span class='ocrx_word' id='word_1_150' title='bbox 521 2599 569 2654; x_wconf 90' lang='lat' dir='ltr'>est</span> <span class='ocrx_word' id='word_1_151' title='bbox 583 2591 714 2671; x_wconf 85' lang='lat' dir='ltr'>initium,</span> <span class='ocrx_word' id='word_1_152' title='bbox 738 2599 829 2671; x_wconf 93' lang='lat' dir='ltr'>atque</span> <span class='ocrx_word' id='word_1_153' title='bbox 844 2590 979 2654; x_wconf 67' lang='lat' dir='ltr'>minatur</span> <span class='ocrx_word' id='word_1_154' title='bbox 993 2591 1124 2680; x_wconf 84' lang='lat' dir='ltr'>unione,</span> <span class='ocrx_word' id='word_1_155' title='bbox 1146 2591 1164 2652; x_wconf 87' lang='lat' dir='ltr'>i</span> <span class='ocrx_word' id='word_1_156' title='bbox 1181 2608 1209 2654; x_wconf 88' lang='lat' dir='ltr'>e.</span> 
     </span>
     <span class='ocr_line' id='line_1_21' title="bbox 170 2695 1209 2780; baseline -0.002 -20"><span class='ocrx_word' id='word_1_157' title='bbox 170 2705 323 2780; x_wconf 83' lang='lat' dir='ltr'>potestate</span> <span class='ocrx_word' id='word_1_158' title='bbox 347 2698 437 2762; x_wconf 88' lang='lat' dir='ltr'>unius</span> <span class='ocrx_word' id='word_1_159' title='bbox 458 2705 549 2777; x_wconf 89' lang='lat' dir='ltr'>atque</span> <span class='ocrx_word' id='word_1_160' title='bbox 572 2695 715 2776; x_wconf 90' lang='lat' dir='ltr'>imperio,</span> <span class='ocrx_word' id='word_1_161' title='bbox 740 2696 791 2760; x_wconf 90' lang='lat' dir='ltr'>eui</span> <span class='ocrx_word' id='word_1_162' title='bbox 818 2712 925 2757; x_wconf 90' lang='lat' dir='ltr'>omnes</span> <span class='ocrx_word' id='word_1_163' title='bbox 945 2711 1016 2757; x_wconf 87' lang='lat' dir='ltr'>sese</span> <span class='ocrx_word' id='word_1_164' title='bbox 1039 2695 1209 2777; x_wconf 83' lang='lat' dir='ltr'>subjiciunt</span> 
     </span>
     <span class='ocr_line' id='line_1_22' title="bbox 170 2799 1209 2884; baseline -0.004 -19"><span class='ocrx_word' id='word_1_165' title='bbox 170 2801 246 2866; x_wconf 81' lang='lat' dir='ltr'>Cum</span> <span class='ocrx_word' id='word_1_166' title='bbox 263 2805 329 2864; x_wconf 92' lang='lat' dir='ltr'>sine</span> <span class='ocrx_word' id='word_1_167' title='bbox 346 2800 494 2884; x_wconf 87' lang='lat' dir='ltr'>ejusmodi</span> <span class='ocrx_word' id='word_1_168' title='bbox 510 2801 723 2863; x_wconf 84' lang='lat' dir='ltr'>constitutione</span> <span class='ocrx_word' id='word_1_169' title='bbox 740 2800 823 2863; x_wconf 90' lang='lat' dir='ltr'>nulla</span> <span class='ocrx_word' id='word_1_170' title='bbox 838 2801 878 2862; x_wconf 93' lang='lat' dir='ltr'>sit</span> <span class='ocrx_word' id='word_1_171' title='bbox 892 2801 1055 2878; x_wconf 83' lang='lat' dir='ltr'>securitas,</span> <span class='ocrx_word' id='word_1_172' title='bbox 1071 2799 1209 2861; x_wconf 89' lang='lat' dir='ltr'>homines</span> 
     </span>
     <span class='ocr_line' id='line_1_23' title="bbox 169 2902 1210 2990; baseline -0.005 -20"><span class='ocrx_word' id='word_1_173' title='bbox 169 2907 258 2990; x_wconf 82' lang='lat' dir='ltr'>leges</span> <span class='ocrx_word' id='word_1_174' title='bbox 273 2906 442 2984; x_wconf 86' lang='lat' dir='ltr'>naturales,</span> <span class='ocrx_word' id='word_1_175' title='bbox 463 2912 582 2969; x_wconf 85' lang='lat' dir='ltr'>arecta</span> <span class='ocrx_word' id='word_1_176' title='bbox 602 2905 720 2967; x_wconf 90' lang='lat' dir='ltr'>ratione</span> <span class='ocrx_word' id='word_1_177' title='bbox 742 2902 827 2966; x_wconf 88' lang='lat' dir='ltr'>datas</span> <span class='ocrx_word' id='word_1_178' title='bbox 847 2912 879 2966; x_wconf 90' lang='lat' dir='ltr'>et</span> <span class='ocrx_word' id='word_1_179' title='bbox 898 2904 1033 2966; x_wconf 88' lang='lat' dir='ltr'>nonnisi</span> <span class='ocrx_word' id='word_1_180' title='bbox 1054 2903 1210 2965; x_wconf 86' lang='lat' dir='ltr'>moraliter</span> 
     </span>
     <span class='ocr_line' id='line_1_24' title="bbox 168 3005 1208 3092; baseline -0.005 -19"><span class='ocrx_word' id='word_1_181' title='bbox 168 3017 361 3092; x_wconf 87' lang='lat' dir='ltr'>praeceptas,</span> <span class='ocrx_word' id='word_1_182' title='bbox 377 3009 594 3076; x_wconf 82' lang='lat' dir='ltr'>observaturos</span> <span class='ocrx_word' id='word_1_183' title='bbox 611 3026 681 3071; x_wconf 87' lang='lat' dir='ltr'>esse</span> <span class='ocrx_word' id='word_1_184' title='bbox 698 3005 736 3083; x_wconf 70' lang='grc'>3).</span> <span class='ocrx_word' id='word_1_185' title='bbox 772 3007 918 3070; x_wconf 84' lang='lat' dir='ltr'>Defertur</span> <span class='ocrx_word' id='word_1_186' title='bbox 938 3008 1032 3088; x_wconf 82' lang='lat' dir='ltr'>igitur</span> <span class='ocrx_word' id='word_1_187' title='bbox 1054 3005 1091 3070; x_wconf 93' lang='lat' dir='ltr'>ad</span> <span class='ocrx_word' id='word_1_188' title='bbox 1105 3025 1208 3082; x_wconf 71' lang='lat' dir='ltr'>,unum</span> 
     </span>
     <span class='ocr_line' id='line_1_25' title="bbox 168 3111 1208 3194; baseline -0.001 -17"><span class='ocrx_word' id='word_1_189' title='bbox 168 3113 220 3178; x_wconf 84' lang='lat' dir='ltr'>uel</span> <span class='ocrx_word' id='word_1_190' title='bbox 236 3113 273 3176; x_wconf 89' lang='lat' dir='ltr'>ad</span> <span class='ocrx_word' id='word_1_191' title='bbox 290 3113 448 3176; x_wconf 87' lang='lat' dir='ltr'>concilium</span> <span class='ocrx_word' id='word_1_192' title='bbox 464 3129 578 3176; x_wconf 85' lang='lat' dir='ltr'>surnrua</span> <span class='ocrx_word' id='word_1_193' title='bbox 594 3129 697 3175; x_wconf 88' lang='lat' dir='ltr'>rerum</span> <span class='ocrx_word' id='word_1_194' title='bbox 713 3113 731 3174; x_wconf 91' lang='lat' dir='ltr'>i.</span> <span class='ocrx_word' id='word_1_195' title='bbox 742 3130 769 3175; x_wconf 91' lang='lat' dir='ltr'>e.</span> <span class='ocrx_word' id='word_1_196' title='bbox 785 3119 868 3174; x_wconf 91' lang='lat' dir='ltr'>tanta</span> <span class='ocrx_word' id='word_1_197' title='bbox 883 3118 1030 3190; x_wconf 90' lang='lat' dir='ltr'>potestas,</span> <span class='ocrx_word' id='word_1_198' title='bbox 1045 3119 1080 3174; x_wconf 88' lang='lat' dir='ltr'>ut</span> <span class='ocrx_word' id='word_1_199' title='bbox 1094 3111 1208 3194; x_wconf 76' lang='lat' dir='ltr'>singuli</span> 
     </span>
     <span class='ocr_line' id='line_1_26' title="bbox 169 3213 1208 3298; baseline -0.002 -18"><span class='ocrx_word' id='word_1_200' title='bbox 169 3217 200 3280; x_wconf 87' lang='lat' dir='ltr'>ci</span> <span class='ocrx_word' id='word_1_201' title='bbox 214 3219 361 3280; x_wconf 87' lang='lat' dir='ltr'>resistere</span> <span class='ocrx_word' id='word_1_202' title='bbox 377 3216 460 3280; x_wconf 92' lang='lat' dir='ltr'>nullo</span> <span class='ocrx_word' id='word_1_203' title='bbox 476 3225 565 3298; x_wconf 87' lang='lat' dir='ltr'>pacto</span> <span class='ocrx_word' id='word_1_204' title='bbox 586 3217 713 3298; x_wconf 88' lang='lat' dir='ltr'>possint.</span> <span class='ocrx_word' id='word_1_205' title='bbox 744 3213 801 3277; x_wconf 88' lang='lat' dir='ltr'>Cui</span> <span class='ocrx_word' id='word_1_206' title='bbox 820 3232 937 3277; x_wconf 86' lang='lat' dir='ltr'>summo</span> <span class='ocrx_word' id='word_1_207' title='bbox 957 3216 1085 3296; x_wconf 87' lang='lat' dir='ltr'>irnperio</span> <span class='ocrx_word' id='word_1_208' title='bbox 1106 3214 1208 3278; x_wconf 87' lang='lat' dir='ltr'>debe-</span> 
     </span>
     <span class='ocr_line' id='line_1_27' title="bbox 168 3318 1207 3401; baseline -0.003 -17"><span class='ocrx_word' id='word_1_209' title='bbox 168 3329 219 3387; x_wconf 90' lang='lat' dir='ltr'>tur</span> <span class='ocrx_word' id='word_1_210' title='bbox 233 3321 364 3401; x_wconf 85' lang='lat' dir='ltr'>simplex</span> <span class='ocrx_word' id='word_1_211' title='bbox 379 3319 552 3385; x_wconf 90' lang='lat' dir='ltr'>obedientia</span> <span class='ocrx_word' id='word_1_212' title='bbox 570 3327 600 3382; x_wconf 92' lang='lat' dir='ltr'>et</span> <span class='ocrx_word' id='word_1_213' title='bbox 618 3319 692 3381; x_wconf 89' lang='lat' dir='ltr'>licet</span> <span class='ocrx_word' id='word_1_214' title='bbox 713 3318 818 3382; x_wconf 81' lang='lat' dir='ltr'>officiis</span> <span class='ocrx_word' id='word_1_215' title='bbox 839 3337 917 3400; x_wconf 77' lang='lat' dir='ltr'>erga</span> <span class='ocrx_word' id='word_1_216' title='bbox 939 3318 1079 3381; x_wconf 87' lang='lat' dir='ltr'>subditos</span> <span class='ocrx_word' id='word_1_217' title='bbox 1095 3319 1134 3381; x_wconf 89' lang='lat' dir='ltr'>sit</span> <span class='ocrx_word' id='word_1_218' title='bbox 1149 3318 1207 3381; x_wconf 81' lang='lat' dir='ltr'>ad·</span> 
     </span>
     <span class='ocr_line' id='line_1_28' title="bbox 169 3420 1206 3507; baseline -0.008 -15"><span class='ocrx_word' id='word_1_219' title='bbox 169 3426 321 3503; x_wconf 84' lang='lat' dir='ltr'>strictum,</span> <span class='ocrx_word' id='word_1_220' title='bbox 338 3428 408 3507; x_wconf 90' lang='lat' dir='ltr'>jura</span> <span class='ocrx_word' id='word_1_221' title='bbox 429 3423 580 3486; x_wconf 84' lang='lat' dir='ltr'>adversus</span> <span class='ocrx_word' id='word_1_222' title='bbox 598 3421 671 3486; x_wconf 91' lang='lat' dir='ltr'>illud</span> <span class='ocrx_word' id='word_1_223' title='bbox 692 3429 866 3504; x_wconf 87' lang='lat' dir='ltr'>competunt</span> <span class='ocrx_word' id='word_1_224' title='bbox 880 3423 992 3484; x_wconf 89' lang='lat' dir='ltr'>nemini</span> <span class='ocrx_word' id='word_1_225' title='bbox 1006 3420 1049 3497; x_wconf 74' lang='grc'>4).</span> <span class='ocrx_word' id='word_1_226' title='bbox 1079 3421 1206 3486; x_wconf 89' lang='lat' dir='ltr'>Consti-</span> 
     </span>
     <span class='ocr_line' id='line_1_29' title="bbox 168 3526 1207 3614; baseline -0.004 -22"><span class='ocrx_word' id='word_1_227' title='bbox 168 3537 234 3594; x_wconf 88' lang='lat' dir='ltr'>lnta</span> <span class='ocrx_word' id='word_1_228' title='bbox 249 3529 301 3592; x_wconf 91' lang='lat' dir='ltr'>tali</span> <span class='ocrx_word' id='word_1_229' title='bbox 316 3528 414 3614; x_wconf 90' lang='lat' dir='ltr'>modo</span> <span class='ocrx_word' id='word_1_230' title='bbox 424 3529 563 3602; x_wconf 82' lang='lat' dir='ltr'>ciuitate,</span> <span class='ocrx_word' id='word_1_231' title='bbox 581 3529 611 3590; x_wconf 90' lang='lat' dir='ltr'>in</span> <span class='ocrx_word' id='word_1_232' title='bbox 627 3543 686 3607; x_wconf 92' lang='lat' dir='ltr'>qua</span> <span class='ocrx_word' id='word_1_233' title='bbox 702 3543 763 3588; x_wconf 92' lang='lat' dir='ltr'>non</span> <span class='ocrx_word' id='word_1_234' title='bbox 779 3527 878 3591; x_wconf 90' lang='lat' dir='ltr'>solum</span> <span class='ocrx_word' id='word_1_235' title='bbox 888 3526 1073 3611; x_wconf 87' lang='lat' dir='ltr'>judiciorum</span> <span class='ocrx_word' id='word_1_236' title='bbox 1089 3535 1120 3589; x_wconf 88' lang='lat' dir='ltr'>et</span> <span class='ocrx_word' id='word_1_237' title='bbox 1134 3527 1207 3610; x_wconf 82' lang='lat' dir='ltr'>gla-</span> 
     </span>
     <span class='ocr_line' id='line_1_30' title="bbox 168 3631 1207 3716; baseline -0.003 -19"><span class='ocrx_word' id='word_1_238' title='bbox 168 3633 225 3712; x_wconf 89' lang='lat' dir='ltr'>dii,</span> <span class='ocrx_word' id='word_1_239' title='bbox 249 3633 305 3696; x_wconf 85' lang='lat' dir='ltr'>sed</span> <span class='ocrx_word' id='word_1_240' title='bbox 326 3633 417 3696; x_wconf 88' lang='lat' dir='ltr'>etiarn</span> <span class='ocrx_word' id='word_1_241' title='bbox 437 3633 542 3716; x_wconf 79' lang='lat' dir='ltr'>legum</span> <span class='ocrx_word' id='word_1_242' title='bbox 562 3631 757 3696; x_wconf 85' lang='lat' dir='ltr'>ferendarum</span> <span class='ocrx_word' id='word_1_243' title='bbox 773 3639 911 3714; x_wconf 90' lang='lat' dir='ltr'>potestas</span> <span class='ocrx_word' id='word_1_244' title='bbox 927 3649 1025 3713; x_wconf 91' lang='lat' dir='ltr'>penes</span> <span class='ocrx_word' id='word_1_245' title='bbox 1041 3649 1132 3694; x_wconf 89' lang='lat' dir='ltr'>unum</span> <span class='ocrx_word' id='word_1_246' title='bbox 1149 3638 1207 3709; x_wconf 83' lang='lat' dir='ltr'>est,</span> 
     </span>
     <span class='ocr_line' id='line_1_31' title="bbox 162 3734 1207 3822; baseline -0.006 -20"><span class='ocrx_word' id='word_1_247' title='bbox 162 3741 236 3822; x_wconf 86' lang='lat' dir='ltr'>jura</span> <span class='ocrx_word' id='word_1_248' title='bbox 252 3738 384 3802; x_wconf 86' lang='lat' dir='ltr'>civiliter</span> <span class='ocrx_word' id='word_1_249' title='bbox 400 3736 521 3802; x_wconf 83' lang='lat' dir='ltr'>definita</span> <span class='ocrx_word' id='word_1_250' title='bbox 536 3739 674 3800; x_wconf 90' lang='lat' dir='ltr'>oriuntur</span> <span class='ocrx_word' id='word_1_251' title='bbox 679 3756 689 3812; x_wconf 91' lang='lat'>;</span> <span class='ocrx_word' id='word_1_252' title='bbox 712 3755 797 3816; x_wconf 87' lang='lat' dir='ltr'>narn,</span> <span class='ocrx_word' id='word_1_253' title='bbox 817 3737 890 3799; x_wconf 87' lang='lat' dir='ltr'>lieet</span> <span class='ocrx_word' id='word_1_254' title='bbox 905 3752 1012 3800; x_wconf 88' lang='lat' dir='ltr'>omnes</span> <span class='ocrx_word' id='word_1_255' title='bbox 1027 3734 1099 3816; x_wconf 79' lang='lat' dir='ltr'>lege</span> <span class='ocrx_word' id='word_1_256' title='bbox 1113 3740 1207 3797; x_wconf 84' lang='lat' dir='ltr'>uatu-</span> 
     </span>
    </p>
   </div>
   <div class='ocr_carea' id='block_1_3' title="bbox 221 3897 796 4228">
    <p class='ocr_par' dir='ltr' id='par_1_4' title="bbox 223 3897 539 3966">
     <span class='ocr_line' id='line_1_32' title="bbox 223 3897 539 3966; baseline -0.013 -17"><span class='ocrx_word' id='word_1_257' title='bbox 223 3900 248 3966; x_wconf 82' lang='lat'>1)</span> <span class='ocrx_word' id='word_1_258' title='bbox 267 3900 308 3949; x_wconf 85' lang='lat' dir='ltr'>De</span> <span class='ocrx_word' id='word_1_259' title='bbox 327 3897 398 3949; x_wconf 82' lang='lat' dir='ltr'>Cive.</span> <span class='ocrx_word' id='word_1_260' title='bbox 417 3897 452 3947; x_wconf 92' lang='lat'>11.</span> <span class='ocrx_word' id='word_1_261' title='bbox 472 3899 495 3959; x_wconf 67' lang='lat'>§-</span> <span class='ocrx_word' id='word_1_262' title='bbox 517 3901 539 3946; x_wconf 89' lang='lat'>1.</span> 
     </span>
    </p>

    <p class='ocr_par' dir='ltr' id='par_1_5' title="bbox 221 3981 796 4140">
     <span class='ocr_line' id='line_1_33' title="bbox 221 3981 796 4054; baseline -0.012 -17"><span class='ocrx_word' id='word_1_263' title='bbox 221 3985 248 4054; x_wconf 80' lang='lat'>2)</span> <span class='ocrx_word' id='word_1_264' title='bbox 266 3987 307 4036; x_wconf 87' lang='lat' dir='ltr'>De</span> <span class='ocrx_word' id='word_1_265' title='bbox 326 3985 391 4036; x_wconf 83' lang='lat' dir='ltr'>Cive</span> <span class='ocrx_word' id='word_1_266' title='bbox 410 3999 433 4035; x_wconf 84' lang='lat' dir='ltr'>e.</span> <span class='ocrx_word' id='word_1_267' title='bbox 454 3989 477 4034; x_wconf 88' lang='lat'>1.</span> <span class='ocrx_word' id='word_1_268' title='bbox 497 3985 520 4045; x_wconf 67' lang='grc' dir='ltr'>ς.</span> <span class='ocrx_word' id='word_1_269' title='bbox 542 3983 582 4034; x_wconf 80' lang='lat'>15.</span> <span class='ocrx_word' id='word_1_270' title='bbox 607 3997 630 4033; x_wconf 89' lang='lat' dir='ltr'>c.</span> <span class='ocrx_word' id='word_1_271' title='bbox 649 3981 685 4032; x_wconf 86' lang='lat'>11.</span> <span class='ocrx_word' id='word_1_272' title='bbox 711 3983 796 4046; x_wconf 73' lang='lat'><strong>§.1..</strong></span> 
     </span>
     <span class='ocr_line' id='line_1_34' title="bbox 221 4071 682 4140; baseline -0.011 -16"><span class='ocrx_word' id='word_1_273' title='bbox 221 4072 248 4140; x_wconf 86' lang='grc'>3)</span> <span class='ocrx_word' id='word_1_274' title='bbox 266 4073 308 4127; x_wconf 77' lang='lat' dir='ltr'>De</span> <span class='ocrx_word' id='word_1_275' title='bbox 326 4073 395 4122; x_wconf 81' lang='lat' dir='ltr'>ciue.</span> <span class='ocrx_word' id='word_1_276' title='bbox 413 4072 444 4122; x_wconf 80' lang='lat' dir='ltr'>V.</span> <span class='ocrx_word' id='word_1_277' title='bbox 463 4071 508 4122; x_wconf 86' lang='lat' dir='ltr'>VI.</span> <span class='ocrx_word' id='word_1_278' title='bbox 594 4077 596 4080; x_wconf 83' lang='lat'>&#39;</span> <span class='ocrx_word' id='word_1_279' title='bbox 680 4093 682 4105; x_wconf 48' lang='grc' dir='ltr'><strong><em>ι</em></strong></span> 
     </span>
    </p>

    <p class='ocr_par' dir='ltr' id='par_1_6' title="bbox 221 4159 657 4228">
     <span class='ocr_line' id='line_1_35' title="bbox 221 4159 657 4228; baseline -0.005 -18"><span class='ocrx_word' id='word_1_280' title='bbox 221 4161 248 4228; x_wconf 78' lang='grc'>4)</span> <span class='ocrx_word' id='word_1_281' title='bbox 266 4162 308 4211; x_wconf 90' lang='lat' dir='ltr'>De</span> <span class='ocrx_word' id='word_1_282' title='bbox 327 4162 385 4212; x_wconf 80' lang='lat' dir='ltr'>cire</span> <span class='ocrx_word' id='word_1_283' title='bbox 403 4160 571 4211; x_wconf 85' lang='lat' dir='ltr'>Prooemium</span> <span class='ocrx_word' id='word_1_284' title='bbox 589 4160 612 4220; x_wconf 66' lang='grc' dir='ltr'>ξ.</span> <span class='ocrx_word' id='word_1_285' title='bbox 632 4159 657 4208; x_wconf 82' lang='grc'>8.</span> 
     </span>
    </p>
   </div>
   <div class='ocr_carea' id='block_1_4' title="bbox 0 0 1560 5292">
    <p class='ocr_par' dir='ltr' id='par_1_7' title="bbox 0 0 1560 5292">
     <span class='ocr_line' id='line_1_36' title="bbox 0 0 1560 5292; baseline 0 2"><span class='ocrx_word' id='word_1_286' title='bbox 0 0 1560 5292; x_wconf 95' lang='lat' dir='ltr'> </span> 
     </span>
    </p>
   </div>
  </div>
 </body>
</html>
