3109 5292
220 801 381 878 'Quatuor
399 803 484 868 bisce
506 805 641 888 justitiae
670 806 829 870 momentis
851 804 975 869 totidem
996 805 1089 889 igitru
1107 803 1208 870 insunt

174 909 324 986 notiones,
344 909 610 983 universalitatis,
633 910 744 986 officii,
761 890 974 986 necessitatis,
996 911 1207 989 demandatio.

175 1011 222 1073 lle
235 1011 366 1094 singulis
382 1013 550 1075 accuratius
565 1012 731 1088 videamus.

242 1113 295 1178 44.
318 1115 338 1178 l.
353 1115 502 1180 iustitiam
517 1125 645 1180 naturae
660 1117 762 1199 legem
779 1133 867 1194 esse,
880 1133 941 1196 qua
956 1120 1133 1180 universum
1147 1136 1209 1201 ge-

174 1236 234 1282 nus
249 1219 409 1282 bumanum
423 1223 554 1304 regitur,
566 1223 629 1303 jam
644 1238 739 1302 supra
755 1223 804 1294 (s.
818 1215 888 1294 39.)
904 1221 1111 1300 exposuimus.
1142 1221 1209 1294 Qua

176 1336 270 1388 causa
289 1323 327 1385 ab
351 1323 507 1406 llegelio
526 1324 577 1405 jus
596 1323 787 1402 „voluntatis
806 1323 961 1406 generalis
976 1325 1110 1405 jussus“
1134 1329 1210 1399 (der

176 1428 358 1502 maneum
384 1429 497 1502 Witte)
520 1436 551 1490 et
574 1447 591 1490 a
613 1427 756 1490 Ficbtio
772 1426 807 1500 ¹)
828 1427 950 1508 juniore
968 1429 1045 1522 justi
1066 1427 1136 1493 idea
1157 1429 1210 1490 lex

175 1532 339 1596 voluntatis
373 1529 603 1594 fundamentalis
639 1533 712 1605 (dea
742 1532 993 1608 Grundwiltena)
1031 1532 1210 1612 appellatur.

174 1635 325 1716 Praecipit
344 1635 394 1698 illa
410 1635 554 1718 singulis,
575 1642 610 1697 ut
623 1651 710 1696 suum
727 1634 838 1712 cuique
851 1634 1005 1696 tribuendi
1020 1635 1118 1699 officio
1133 1654 1210 1719 erga

175 1739 252 1802 alios
280 1741 589 1816 temperantique
615 1737 839 1818 obtemperent;
867 1737 995 1819 impellit
1020 1739 1149 1819 populos
1172 1737 1211 1804 ad

176 1841 417 1905 constituendam
447 1859 550 1904 rerum
579 1843 770 1923 publicarum
798 1841 935 1906 ordinem
954 1845 1087 1926 justitiae
1114 1863 1211 1926 prae·

176 1947 273 2027 ceptis
303 1951 546 2008 consentaneum.
590 1945 710 2009 Idcirco
738 1955 769 2008 et
791 1947 823 2008 in
846 1947 932 2010 libris
958 1948 1056 2010 sacris
1085 1947 1211 2010 dicitur:

175 2048 348 2129 ,3Jusritiam
363 2066 433 2112 esse
449 2048 674 2112 fundamentum
690 2051 885 2132 regnorum.“

243 2152 278 2216 11.
305 2153 398 2217 Suum
424 2155 532 2233 cuique
551 2153 710 2216 tribuendi
737 2154 863 2216 odicium
893 2169 960 2216 earu
984 2154 1073 2216 babet
1094 2156 1156 2218 vim
1179 2164 1212 2218 et

176 2255 335 2336 ellectum,
356 2264 467 2320 utnon
491 2257 587 2321 sotum
608 2258 793 2321 conscientia
816 2265 919 2320 nostra
935 2259 1019 2338 juste
1040 2276 1116 2341 erga
1135 2258 1218 2328 vtica

176 2377 272 2443 agere
286 2362 459 2444 iubeamur,
474 2362 698 2440 verumetiam,
713 2368 747 2423 ut
761 2361 836 2424 alies
852 2361 938 2425 nobis
954 2360 1115 2424 devinctos
1131 2380 1212 2444 cog·

174 2483 339 2531 noscamus
355 2464 392 2536 ad
408 2465 591 2546 praestanda
608 2485 655 2544 ea,
671 2467 850 2546 quaessnobis
866 2465 1031 2540 debentur3
1046 2465 1118 2527 iude
1129 2467 1210 2546 jura,

175 2586 256 2650 quae
275 2571 361 2632 nobis
383 2578 557 2650 competere
578 2580 733 2652 putamus,
754 2569 877 2652 petendi
895 2568 933 2632 ab
948 2569 1016 2632 aliis
1036 2569 1210 2635 facultatem

175 2673 264 2736 uobis
280 2673 476 2736 attribuimus.

241 2775 291 2838 lll.
317 2777 519 2858 Aequalitatis
541 2778 572 2840 in
591 2780 662 2860 Jure
684 2779 771 2840 ratio
796 2796 858 2842 nou
880 2777 980 2841 solum
997 2776 1073 2839 baec
1090 2783 1154 2855 est,
1177 2785 1211 2840 ut

176 2881 250 2942 nulli
264 2880 375 2944 bomini
387 2883 438 2964 Jus
454 2881 602 2965 denegari
615 2883 741 2959 debeat3
758 2882 813 2945 sed
829 2880 1011 2964 praesertim
1027 2899 1074 2958 ea,
1090 2889 1123 2943 ut
1137 2881 1209 2942 uni·-

148 3049 150 3052 .
176 2985 288 3066 cuique
311 2985 340 3046 id
363 3003 485 3067 semper
507 2995 698 3067 praestetur,
725 2987 809 3067 quod
832 3004 888 3068 pro
913 2987 980 3067 ejus
1009 2983 1156 3066 dignitate
1178 2992 1214 3049 et

176 3090 292 3150 meritis
308 3091 337 3152 ei
353 3083 512 3169 debeatur,
528 3098 560 3153 et
572 3098 605 3153 ut
620 3093 651 3152 in
667 3091 734 3171 pari
748 3099 842 3154 causa
855 3089 972 3167 eadem,
987 3089 1018 3152 in
1034 3089 1123 3155 simili
1137 3086 1211 3150 ἀνά-

175 3193 253 3280 λογα
276 3193 351 3273 justi
377 3209 484 3257 norura
507 3195 699 3258 observetur.
737 3195 810 3258 lude
833 3194 963 3277 vulgare
985 3192 1074 3256 illud:
1103 3191 1210 3272 „quod

176 3297 228 3358 tibi
245 3297 465 3377 conviciari,
488 3299 575 3362 alteri
593 3318 634 3361 ne
650 3298 800 3374 ieceris;“
821 3299 900 3379 juris
919 3297 1037 3361 romani
1059 3295 1209 3364 defiuitio:

176 3399 256 3480 qood
271 3401 399 3481 quisque
413 3403 445 3464 in
462 3403 590 3468 alterum
602 3405 750 3482 statuerit,
766 3420 804 3464 eo
812 3405 885 3484 jure
897 3401 965 3482 ipse
976 3408 1089 3462 utatur.
1110 3400 1216 3470 Deme¹

175 3513 234 3584 que
250 3504 302 3566 illa
325 3504 404 3586 apud
424 3507 573 3586 politioris
596 3508 786 3572 humanitatis
804 3506 934 3588 populos
956 3513 1079 3568 nostrae
1093 3506 1215 3568 aetatis.

171 3611 251 3690 juris
267 3609 381 3690 publici
397 3613 585 3690 constitutio,
607 3612 694 3692 quam
710 3611 898 3692 principium
920 3609 1126 3688 oeptotitctia
1141 3627 1209 3669 om·

173 3713 261 3774 arbam
276 3731 385 3774 coram
399 3718 466 3788 teya
481 3718 610 3792 (ipoliti
624 3723 736 3778 deuoret
753 3721 786 3776 ta
800 3718 861 3789 toi)
876 3714 1033 3795 appellare
1049 3712 1157 3776 solent

241 3815 292 3878 lV.·
313 3816 468 3882 Summum
482 3820 512 3882 io
524 3821 659 3900 justitiae
675 3821 795 3882 notione
810 3817 885 3882 illud
900 3825 958 3895 est,
973 3815 1056 3897 quod
1070 3815 1209 3878 moero-

174 3923 254 3982 totia
269 3929 451 3986 momentum
465 3924 699 4004 appellavimus,
720 3923 775 3986 sed
797 3922 949 4003 explicatu
969 3937 1114 4013 perquam
1130 3919 1209 3981 didi-

175 4024 243 4088 cile.
267 4024 361 4089 Suum
376 4027 501 4106 quilibet
515 4025 596 4106 dicit,
613 4026 693 4110 quod
708 4045 774 4089 cum
787 4025 884 4106 ipsius
899 4024 1033 4104 persona
1048 4031 1109 4086 tam
1125 4031 1208 4086 arcte

175 4172 410 4200 W

231 4248 257 4315 1)
269 4212 433 4314 'syranae
445 4247 531 4300 nnn.
550 4247 585 4298 11.
605 4249 628 4310 a.
644 4251 666 4298 1.
681 4249 705 4298 n.
724 4247 746 4309 a.
760 4245 793 4295 ιι
807 4260 863 4310 seq.
986 4286 1000 4309 ‚

197 4347 378 4404 aaronem,
393 4352 586 4404 philonjurlslln.
600 4350 634 4391 ad.
644 4351 665 4390 ι.
722 4339 725 4345 ’
975 4332 996 4392 5
