3109 5292
368 1103 666 1182 constructus
693 1105 858 1180 tonus
885 1105 1055 1180 OPERIS.

194 1385 396 1450 nnonuouo.
765 1451 768 1456 ,
1040 1398 1057 1451 .·
1141 1323 1164 1383 δ’

247 1491 363 1542 CAPUT
390 1491 410 1540 Ι.
442 1491 521 1540 Notio
538 1489 617 1554 hujus
631 1489 766 1540 doctrinae
815 1525 1042 1541 ......
1102 1491 1193 1540 -1-3,

222 1631 224 1636 ,
247 1589 362 1640 CAPUT
376 1587 410 1636 ΙΙ.
442 1588 576 1638 Hiutoriae
588 1587 667 1652 hujus
681 1588 817 1638 doctrinae
831 1587 1006 1638 adumbratio.

301 1686 461 1736 Graecorum
485 1689 510 1733 et
530 1686 705 1734 Romanorum
726 1683 757 1732 de
773 1685 847 1748 justo
870 1686 1007 1750 opiniones
1027 1691 1053 1734 ot

354 1782 477 1846 dogmata
514 1816 1048 1831 .............
1119 1785 1143 1829 4.
1158 1782 1181 1828 5.
1204 1809 1208 1813 -

302 1881 341 1930 De
366 1879 551 1945 philosophica
572 1878 640 1941 juris
668 1877 839 1943 indagatione
866 1894 912 1944 per
939 1877 1053 1931 modium

341 1957 450 2027 'aevum
467 1976 576 2026 durante
607 2011 1051 2026 ...........
1136 1979 1160 2025 6.

302 2073 506 2138 Philosophiana
526 2073 595 2136 juris
617 2072 752 2121 doctrinae
775 2071 927 2122 tractandae
948 2074 1014 2123 ratio
1038 2090 1054 2122 a

355 2171 453 2220 renatis
467 2170 527 2219 inde
539 2168 634 2218 litteris
646 2185 730 2232 usque
742 2169 774 2218 ad
783 2170 924 2234 Hugonem
931 2169 1052 2219 Gratiam
1137 2172 1160 2217 7.

303 2269 449 2333 Praecipua
457 2268 525 2331 juris
536 2265 664 2316 naturalia
677 2270 828 2330 systemata,
840 2281 907 2330 quae
918 2272 1055 2327 vocantur,

330 2411 332 2417 .
357 2363 418 2414 indo
427 2364 460 2414 ab
470 2363 584 2430 Hugono
593 2364 685 2413 Gratia
694 2379 779 2427 usque
790 2363 824 2412 ad-
830 2363 957 2412 Kantium
968 2362 1053 2427 philo-

357 2463 469 2526 sophum
485 2463 713 2526 regiomontanum
744 2495 1056 2509 ........
1119 2460 1213 2508 8-14,

304 2559 449 2624 huglorum
474 2564 499 2606 et
519 2559 669 2608 Scottorum
689 2556 720 2605 do
740 2555 827 2606 studio
848 2557 916 2620 juris
939 2556 1055 2620 philoso-

358 2655 435 2721 phiae
448 2655 540 2704 merita
569 2687 1057 2703 ............
1105 2651 1215 2700 15-17.

306 2752 479 2816 Politicorum
492 2737 650 2816 scriptorum
669 2750 701 2800 do
713 2751 782 2814 juria
796 2749 883 2798 canois
897 2754 923 2797 et
935 2748 987 2797 fine
999 2764 1057 2798 aen·

360 2849 459 2897 tentiae
482 2880 1058 2898 ..............
1106 2847 1216 2893 18-24.

308 2946 347 2994 De
360 2945 542 3011 metaphysica
554 2945 622 3008 juria
640 2944 760 2992 doctrina
777 2959 793 2992 a
806 2943 961 2992 Germaniae
974 2922 1058 3007 philo-

360 3041 450 3106 sophis
463 3047 553 3093 nostra
566 3046 651 3091 aetate
664 3044 805 3104 praecepta
832 3075 1058 3088 ......
1106 3040 1218 3087 to-ra.

307 3139 347 3188 De
361 3139 454 3189 ueteris
473 3140 566 3188 aetatis
583 3143 689 3187 nostrae
698 3137 766 3200 juris
779 3135 963 3201 philosophiae
978 3142 1060 3185 tenta-

360 3237 454 3286 mentia
467 3235 672 3285 notabilioribus
700 3266 1057 3283 .........
1107 3235 1218 3282 30-31.

257 3333 371 3382 CAPUT
385 3333 432 3381 III.
464 3333 538 3382 Juris
555 3330 739 3397 philosophiae
756 3331 784 3379 in
796 3330 847 3379 hoc
864 3329 933 3380 libro
946 3335 1060 3378 tractan-

309 3430 357 3479 dae
370 3431 436 3480 ratio
486 3461 1062 3478 ..............
1144 3427 1185 3474 32.

201 3527 286 3586 uitta
297 3526 316 3584 t.
339 3525 374 3584 ua
386 3524 509 3582 inversi
522 3523 595 3592 tarta
612 3522 799 3582 manaucatis
812 3533 845 3579 aa
860 3521 975 3579 amnti
987 3533 1062 3592 praa

293 3637 322 3682 aa
342 3622 390 3680 tta.

259 3637 373 3771 GAPdJT
406 3719 426 3768 1.
453 3719 493 3768 De
512 3719 640 3783 supremis
661 3717 778 3782 legibus,
798 3715 962 3766 voluntatem
980 3716 1063 3764 honri-

311 3833 374 3868 num
387 3815 540 3880 regentibus
570 3848 1061 3864 ............
1108 3814 1222 3861 33-41.

259 3915 374 3966 CAPUT
399 3914 434 3962 II.
466 3912 506 3962 De
516 3913 583 3976 justi
597 3917 622 3962 et
635 3910 727 3974 injusti
740 3909 768 3958 vi
781 3914 862 3972 atque
874 3913 969 3957 natura
1012 3943 1018 3956 .
1055 3944 1077 3957 ..
1110 3910 1223 3957 42-47.

261 4011 375 4062 CAPUT
387 4011 433 4060 111.
465 4010 504 4058 De
517 4007 629 4074 singulis
642 4006 726 4056 omnis
734 4005 802 4069 juria
813 4005 993 4053 constituendi
1003 4019 1064 4053 con-

313 4107 457 4158 ditionibus
484 4137 1063 4155 ..............
1111 4103 1224 4150 48-59.

263 4203 379 4256 CAPUT
392 4203 436 4254 IV.
467 4204 507 4251 De
516 4199 585 4267 juris
598 4205 693 4252 natura
706 4199 850 4267 disputatio
881 4233 1062 4248 .....
1111 4199 1224 4248 60-69.
