3109 5292
841 523 887 590 50

348 704 417 768 hats
430 711 510 768 sunt
536 702 657 768 lirausii
672 707 713 777 (†
731 698 836 774 1832)
850 700 889 764 de
899 701 980 782 iuris
993 699 1184 782 philosophia
1198 697 1311 782 placita
1325 697 1387 762 duo

346 811 411 890 ejus
433 807 586 889 discipuli,
608 806 643 871 H.
663 806 797 882 Amans,
821 806 874 886 qui
888 823 970 870 nuno
984 805 1077 867 estin
1093 802 1219 868 Austris
1233 803 1279 881 ¹),
1294 810 1386 884 amne

344 911 467 974 lioeder
483 908 526 987 ²),
548 911 580 974 in
595 909 751 976 academia
774 908 1031 991 heidelbergensi
1043 909 1124 990 iuris
1138 907 1298 990 professor
1312 907 1385 970 illu-

343 1023 443 1078 strare
458 1022 548 1100 atque
558 1014 697 1078 subtilius
709 1013 1063 1078 excolerestuduerunt:
1076 1031 1204 1094 quorun
1214 1012 1386 1077 sententiae

342 1136 459 1184 summa
475 1137 512 1181 eo
528 1117 614 1180 redit
652 1117 800 1182 Naturale
812 1120 864 1200 jus
879 1119 917 1181 iis
933 1119 1106 1181 continetur
1120 1117 1245 1194 normis,
1259 1116 1385 1197 quaein

343 1222 513 1286 civitatibus
529 1223 706 1284 necessario
723 1221 785 1284 siut
803 1221 984 1284 statuendae
1004 1220 1209 1302 mendaeque,
1229 1228 1263 1283 ut
1281 1220 1384 1285 cultus

342 1333 431 1405 atque
446 1325 614 1396 humanitas
630 1325 668 1388 ad
684 1342 848 1404 summum,
868 1326 951 1406 quod
967 1325 1216 1406 consequendum
1232 1333 1290 1403 est3
1306 1340 1383 1406 per-

341 1428 482 1497 fectionis
498 1430 652 1512 fastigium
668 1429 757 1492 evehi
777 1431 885 1510 possit

408 1533 469 1598 Sed
480 1534 627 1600 universa
638 1533 690 1597 illa
705 1534 916 1615 metaphysica
932 1534 1022 1615 hujus
1038 1533 1195 1596 doetrinae
1209 1529 1384 1602 tractandae

340 1637 419 1701 ratio
430 1639 494 1718 jam
510 1639 635 1700 ineunte
652 1637 712 1700 hoc
728 1639 854 1701 saeculo
870 1655 888 1700 a
903 1637 1081 1718 quibusdam
1096 1635 1298 1718 reprehensa,
1313 1650 1384 1697 mox

241 1751 243 1755 ’
342 1743 493 1804 acerrime
509 1743 685 1823 impugnata
702 1749 758 1804 est.
782 1741 875 1802 Varia
890 1739 970 1819 iude,
991 1739 1383 1818 septimusdecimus),

338 1845 506 1922 historico,
530 1847 680 1906 eclectico
698 1841 745 1923 3),
777 1844 910 1924 denique
934 1852 965 1906 et
986 1847 1166 1920 praeceptis
1189 1845 1383 1906 curiatiorum

332 1948 502 2022 receptoria
517 1948 619 2010 innixa
636 1949 713 2030 Juris
736 1947 946 2028 philosophiae
968 1956 1150 2012 tentamenta
1169 1955 1241 2012 sunt
1262 1953 1381 2009 exorta.

340 2055 479 2128 liuponia
489 2056 530 2126 (†
540 2049 689 2125 1844)(19
700 2053 773 2132 jure
789 2051 920 2116 naturali
935 2053 1086 2115 sententia
1101 2051 1179 2114 haec
1193 2052 1262 2114 iere
1277 2058 1326 2130 est
1339 2047 1380 2125 4).

403 2154 493 2218 Nulla
509 2163 581 2218 sunt
596 2156 745 2237 principia
766 2173 897 2232 summa,
916 2156 1028 2235 quihus
1048 2156 1250 2238 demonstrari
1270 2154 1378 2236 possit,

338 2259 450 2322 homini
466 2259 566 2338 aliqua
577 2261 649 2342 jura
662 2260 728 2322 sine
738 2259 819 2322 omni
829 2259 912 2322 civili
927 2261 1085 2324 sanctione
1100 2259 1278 2325 necessario
1293 2276 1381 2322 oom-

270 2429 279 2448 ,
338 2369 465 2442 petere3
490 2363 571 2442 quin·
586 2363 675 2425 etiam
698 2381 737 2424 ne
754 2363 835 2444 juris
855 2362 977 2443 quidem
997 2365 1082 2428 notio
1097 2365 1164 2429 sine
1179 2363 1238 2426 hac
1249 2362 1381 2446 copiari

338 2473 447 2548 potest
481 2465 635 2538 Quatenus
652 2475 753 2531 autem
769 2468 902 2548 pervim
923 2468 1069 2533 coercitio
1084 2469 1116 2530 in
1130 2469 1208 2532 alios
1223 2465 1380 2532 smtuenda

339 2571 388 2648 sit,
405 2587 445 2633 ex
461 2571 568 2635 ethicis
585 2577 697 2634 tantum
713 2574 888 2653 praeceptis
904 2572 1065 2655 dijudicari
1079 2573 1178 2637 dehet
1199 2573 1321 2636 lustum
1334 2578 1382 2635 eat

299 2681 300 2684 ’
339 2693 380 2738 ex
395 2675 533 2759 llugouis
550 2694 673 2758 quoque
690 2677 895 2740 sententiaeb
910 2677 1040 2742 honesto
1060 2685 1165 2746 natura
1185 2695 1242 2742 sca
1260 2663 1398 2741 minime

340 2779 509 2856 diuersum3
534 2780 587 2842 sed
604 2782 704 2862 potius
720 2781 897 2844 accuratius
913 2781 1101 2860 inquirentes
1116 2799 1172 2844 nos
1187 2782 1219 2844 in
1242 2788 1379 2844 naturam

338 2883 511 2962 humanam,
527 2884 877 2967 inveniemus-regulas,
900 2885 1010 2964 quihus
1025 2884 1188 2962 docemur,
1206 2892 1310 2947 utrum
1324 2900 1381 2965 pro

335 2988 406 3068 jure
422 2987 536 3066 aliquid
552 2987 639 3050 statui
654 2989 752 3067 possit
766 3006 825 3050 neo
840 2989 903 3050 ne?
925 2988 994 3060 Quo
1008 2989 1135 3052 consilio
1149 2993 1240 3064 tropo
1255 2988 1380 3068 inquirit

339 3095 477 3152 naturam
502 3090 632 3156 hominis
655 3097 795 3170 mnquam
816 3092 953 3156 animalis
972 3093 1097 3156 rationis
1118 3093 1266 3174 compotis
1288 3098 1379 3172 atque

339 3191 417 3254 socii
433 3190 560 3274 alicujus
581 3193 727 3273 civitatis,
751 3203 786 3258 ut
804 3196 1006 3280 intelligatur,
1028 3191 1177 3278 quidquid
1191 3197 1222 3259 ei
1237 3193 1380 3278 expediat

338 3305 516 3377 nocentque.
555 3297 609 3360 Jus
626 3307 727 3365 autem
742 3300 858 3387 nullum
874 3309 937 3379 est,
956 3301 1016 3364 nisi
1035 3300 1118 3381 quod
1132 3301 1164 3362 in
1179 3299 1279 3381 aliqua
1299 3298 1379 3364 eivi-

398 3441 422 3506 1)
442 3441 573 3505 Ahrens‚
593 3443 677 3494 Cours
696 3443 728 3493 de
747 3444 817 3494 droit
834 3444 940 3494 natural
958 3461 994 3495 ou
1012 3444 1044 3495 de
1062 3443 1235 3510 Philosophia
1250 3443 1287 3494 du
1299 3443 1376 3494 droit.

339 3526 478 3576 Bruxellea
506 3529 581 3579 1838.
605 3533 628 3580 4.
649 3529 687 3579 ed.
716 3530 792 3580 1853.
828 3530 902 3580 Idem
925 3546 992 3596 opus
1014 3532 1176 3596 germanice:
1201 3531 1245 3581 die
1268 3530 1378 3582 Rechts-

339 3609 508 3679 philosophie
528 3614 590 3664 oder
609 3615 661 3666 das.
674 3616 843 3666 Naturreeht.
866 3616 946 3666 Wien
967 3618 1042 3666 1852.

394 3700 419 3764 2)
440 3698 591 3768 (immedingo
614 3701 659 3753 dae
683 3701 865 3766 Nammeius,
891 3702 955 3752 odor
974 3701 1022 3752 der
1040 3701 1297 3768 Rectaphitoacptte.
1315 3701 1378 3753 Hei·

338 3785 402 3836 dat.
424 3789 498 3838 1840.
1270 3843 1274 3849 .

394 3873 420 3939 3)
439 3874 584 3940 Ecleotieis
604 3875 636 3926 de
650 3875 719 3940 juris
732 3877 903 3942 philosophia
920 3877 1095 3944 scriptoribus
1114 3876 1305 3928 adnumerandi
1315 3881 1377 3930 sunt

339 3957 489 4010 Friderious
509 3960 541 4010 de
559 3962 673 4012 Reumer
693 3967 720 4012 et
738 3963 891 4012 Lermiuier.
977 3986 981 3992 ·

393 4044 419 4110 2)
440 4044 576 4096 Lehrbaccli
600 4046 644 4096 dea
667 4045 837 4098 Natam-recha
861 4048 901 4099 als
923 4048 994 4101 einer
1011 4047 1174 4115 Ptttcnptie
1191 4050 1236 4102 deo
1248 4049 1376 4116 metim

338 4127 437 4182 matta
460 4130 551 4180 Berlin
572 4134 648 4184 1199.
670 4135 842 4186 19991919.
865 4138 939 4187 aare.
1352 4135 1356 4141 '
