3109 5292
305 707 380 791 justi
391 707 476 772 'nodo
496 725 588 789 quum
611 707 726 792 duplex
741 708 797 787 sit,
815 708 877 775 due
896 705 998 791 injusti
1012 723 1130 792 geum
1150 705 1345 790 summm

308 829 365 878 nos
380 820 506 895 oportet
1354 844 1358 850 ·

374 914 413 978 Α.
440 915 551 999 lnjusta
571 917 608 980 ab
628 935 808 998 unoquoque
828 917 955 982 babetur
975 917 1072 981 omnis
1095 915 1194 996 actio,
1217 932 1280 998 aaa
1302 931 1345 978 ex

308 1019 400 1088 animi
414 1021 462 1084 sui
477 1022 627 1084 sententia
638 1023 774 1106 justitiae
790 1029 957 1104 praecepte
969 1020 1120 1087 violantur
1135 1027 1189 1084 aut
1203 1026 1344 1084 mulom-

308 1131 429 1188 nuntur.
468 1123 570 1188 Omnis
586 1124 734 1208 ejusmodi
749 1129 830 1191 aetio
847 1126 1003 1191 moraliter
1018 1127 1129 1210 injusta
1143 1122 1278 1204 ideoque
1291 1123 1345 1184 in·

308 1228 434 1293 honesta
449 1228 579 1292 dicenda
599 1237 662 1308 est,
685 1247 703 1294 a
719 1231 904 1298 conscientia
919 1238 1024 1296 nostra
1044 1229 1215 1312 improbata
1234 1245 1271 1290 ac
1286 1244 1345 1308 pro

308 1332 411 1396 illicita
426 1332 536 1397 habita.
971 1405 975 1413 ,

373 1435 406 1498 Β.
433 1434 593 1502 strictiore
613 1455 708 1502 seusu
733 1437 845 1519 injuste
867 1437 978 1501 dicitur
1000 1436 1099 1516 aetio,
1121 1453 1202 1518 quae
1223 1433 1346 1520 legibus

308 1540 414 1604 aliisve
426 1540 506 1624 juris
522 1543 694 1623 praeceptis
715 1541 796 1624 apud
814 1541 945 1622 aliquem
960 1541 1104 1624 populum
1120 1538 1244 1603 sancitis
1265 1557 1346 1602 eon-

308 1646 401 1708 traria
418 1652 466 1708 est
481 1645 572 1709 ethis
588 1645 674 1709 velut
694 1645 798 1709 illicite
820 1645 1006 1727 prohibetur.
1043 1644 1118 1708 Sunt
1137 1652 1239 1708 autem
1258 1646 1346 1728 ejus-

250 1758 252 1762 ‘
310 1748 388 1812 modi
404 1749 556 1812 actionum
573 1750 656 1814 varia
671 1767 799 1832 genera.

406 1857 442 1928 a)
465 1853 619 1927 Quaedam
635 1871 742 1918 earum
757 1855 869 1918 nullam
880 1854 962 1936 Juris
978 1854 1146 1919 laesionem
1160 1853 1348 1919 constituunt

463 1958 643 2040 illarumque
659 1968 728 2024 sunt
746 1959 827 2022 duae
843 1960 977 2041 species:
1157 1950 1160 1954 ⁴

438 2066 478 2137 α)
501 2062 584 2126 luris
593 2065 717 2148 negotia
727 2064 873 2128 inutiliter
884 2071 954 2126 sunt
966 2062 1104 2126 coniecta
1115 2067 1349 2139 aut'eontmcm,

501 2166 567 2231 sive
588 2167 669 2248 quod
688 2168 901 2251 insubstantia
922 2185 1029 2230 eorum
1051 2167 1165 2248 aliquid
1182 2166 1283 2231 delicit
1297 2173 1349 2228 aut

501 2270 581 2352 quod
594 2271 714 2354 legibus
726 2279 780 2333 unt
792 2271 878 2334 bonis
893 2271 1028 2334 moribus
1040 2270 1241 2334 adversantur
1255 2270 1348 2334 ideo·

502 2393 563 2456 quc
579 2393 637 2457 pro
653 2376 742 2438 nullis
758 2375 910 2440 habentur
925 2384 977 2439 aut
993 2375 1128 2439 rescindi
1143 2381 1280 2456 possunt

441 2479 477 2562 β)
499 2477 662 2558 Actiones,
683 2496 759 2560 quac
775 2498 834 2562 per
848 2479 938 2562 leges
954 2487 1007 2543 aut
1021 2478 1122 2542 edicta
1142 2478 1181 2541 ad
1196 2478 1348 2561 publicam

503 2582 691 2667 disciplinam
727 2585 896 2666 spectantis
929 2592 1070 2665 tauquam
1105 2583 1266 2647 nociturae
1295 2587 1349 2646 eut

502 2689 694 2772 periculosae
710 2689 922 2772 probibentur,
938 2706 1024 2770 quas,
1042 2687 1094 2769 qui
1109 2686 1349 2770 perpetraverit,

503 2797 603 2876 ipsum
619 2813 747 2877 poenam
762 2793 851 2856 luere
866 2799 1000 2874 opertet.

406 2899 444 2975 b)
467 2898 606 2962 Alterum
622 2915 721 2983 genus
736 2898 888 2962 actionum
899 2900 972 2980 jure
990 2895 1210 2980 prohibiturum
1225 2901 1311 2970 sunt:

442 3007 481 3078 α)
502 3001 577 3080 Eae,
590 3001 698 3084 quibus
709 3018 862 3083 personae
876 3001 1002 3065 alterius
1011 3001 1081 3083 jure
1091 2998 1267 3076 laeduntur,
1281 2999 1349 3077 sive

503 3109 671 3167 emittendo
680 3099 719 3169 'id
734 3104 798 3182 fiat,
812 3104 909 3168 veluti
924 3103 1062 3168 solvendi
1078 3120 1163 3166 mora
1177 3101 1229 3164 vel
1244 3100 1350 3184 negli-

503 3209 605 3291 gentia
631 3209 663 3272 in
686 3210 795 3272 alienis
818 3208 913 3271 rebus
939 3209 1085 3293 gerendis
1107 3207 1259 3286 admissa,
1282 3205 1349 3270 sive

504 3315 731 3388 connectendo,
747 3314 765 3376 i.
778 3332 806 3376 e.
823 3313 944 3395 privato
958 3313 990 3376 in
1005 3311 1094 3375 alium
1111 3312 1273 3374 commisso
1288 3309 1349 3374 de·

504 3417 584 3480 licto.
614 3414 760 3481 Omnibus
776 3417 862 3481 bisce
876 3417 965 3480 iactis
980 3415 1119 3479 damnum
1134 3415 1246 3500 injuria
1260 3415 1350 3479 alteri

506 3520 573 3584 dari
588 3519 750 3584 dicendum
766 3529 830 3601 est,
850 3523 939 3604 cujus
958 3519 1146 3583 resarciendi
1162 3519 1351 3602 alligatione

507 3633 656 3690 tenemur.
1209 3625 1212 3629 ’

446 3732 483 3813 β)
505 3729 594 3794 Aliae
609 3733 669 3792 tam
683 3747 798 3814 graves
816 3747 854 3792 aa
867 3727 1025 3810 improbae
1045 3729 1287 3806 subiectiones,
1309 3737 1352 3806 ut,

507 3833 559 3915 qui
575 3852 628 3897 eas
643 3835 903 3916 perpetraverint,
917 3832 1010 3895 totius
1026 3832 1156 3896 civitatis
1167 3833 1220 3915 jus
1234 3831 1353 3895 violare

508 3945 692 4002 censeantur
722 3937 855 4019 ideoque
876 3935 1005 4019 publicis
1036 3936 1146 4018 poenis
1169 3937 1354 4012 adicianbrrr

456 4059 459 4068 ·
509 4049 657 4106 vocantur
669 4059 736 4106 erm
749 4041 869 4104 obrem
879 4038 991 4104 delicta
1001 4040 1124 4122 publice
1135 4056 1193 4104 sen
1207 4041 1355 4105 erimina.

327 4163 330 4168 ’
385 4143 461 4208 Sunt
475 4153 575 4210 auten
590 4144 742 4224 facinora,
762 4161 856 4226 quae,
876 4142 949 4208 dum
963 4143 1043 4226 apud
1057 4142 1205 4228 populum
1215 4145 1356 4228 aliquem

238 4972 1552 5286 Q&
