3109 5292
652 575 712 646 tui

165 758 326 840 tractibus,
342 774 420 842 qnos
435 757 637 837 conuellunt,
659 777 701 822 ex
716 758 792 822 ieris
806 757 912 821 bestiis
925 757 1087 822 venatione
1102 773 1205 840 quea-

166 867 241 944 sitis,
257 883 300 928 ex
314 865 427 943 onium,
447 881 620 941 vaccarum,
639 862 809 926 aliorumve
825 864 996 928 animalium
1011 863 1203 945 pecudumve

167 971 331 1054 gregibus,
351 969 515 1051 perpaucis
531 968 621 1030 etiam
637 967 733 1030 rebus
748 977 814 1031 arte
831 968 918 1032 iactis
935 979 1057 1050 atquae
1073 977 1141 1031 sunt
1156 969 1203 1030 si·

166 1076 256 1138 milia.
294 1073 404 1138 llostes
420 1073 521 1150 etiam,
543 1071 624 1135 bello
640 1073 735 1153 capti,
756 1089 918 1136 servorum
934 1075 1054 1136 nomino
1070 1073 1203 1135 inbonis

167 1179 324 1242 habentur.
367 1178 495 1252 Quando
521 1184 630 1261 gentes
657 1177 689 1238 in
715 1177 814 1257 aliqua
843 1179 971 1261 regione
996 1179 1120 1241 stabiles
1145 1174 1203 1239 sibi

167 1285 386 1366 quaesiverunt
395 1281 497 1362 sedes,
514 1281 714 1345 habitationes
726 1281 916 1365 singulorum
933 1291 963 1345 et
978 1281 1103 1364 praedia
1113 1281 1150 1343 ab
1165 1279 1203 1344 iis

167 1397 315 1471 occupata
336 1387 479 1469 cultaque
499 1388 530 1450 in
549 1385 682 1449 dominio
702 1385 854 1449 habentur
869 1395 900 1448 et
913 1387 1203 1468 praestantissimam

167 1493 414 1576 patrimoniorum
429 1500 546 1574 partem
563 1490 760 1552 constituunt.
788 1490 860 1553 lilox
876 1509 991 1574 urgens
1007 1509 1109 1553 rerum
1125 1507 1202 1572 per-

166 1597 377 1661 mutandarum
392 1595 571 1673 necessitas,
586 1593 919 1675 quaccommodissirnc
935 1595 1083 1676 pecuniae
1095 1595 1202 1677 signu·
1302 1639 1306 1646 .

166 1709 216 1765 tae
230 1718 291 1783 ope
305 1701 494 1782 explicatum
518 1706 550 1762 et
570 1716 639 1761 cum
658 1699 720 1781 J'am
739 1717 845 1762 omnes
864 1717 932 1778 res,
956 1717 1034 1782 quae
1054 1697 1201 1781 quandam

166 1804 325 1869 utilitatem
337 1803 490 1882 adierunt,
511 1803 759 1867 commerciorum
776 1803 1012 1886 adjuvandorum
1029 1807 1124 1888 gratia
1140 1821 1201 1886 po·

167 1908 256 1972 cunia
280 1909 434 1971 aestimari
457 1908 587 1982 soleant,
622 1907 713 1970 latior
732 1914 782 1969 est
803 1909 974 1989 patrimonii
996 1911 1094 1986 notio;
1131 1927 1201 1972 uam

133 2053 140 2064 ι
166 2012 311 2095 quidquid
320 2013 527 2095 pecuniariam
542 2013 652 2092 recipit
659 2012 912 2091 aestimationem,
929 2015 1046 2076 etiamsi
1061 2012 1134 2077 illud
1149 2014 1202 2076 iu·

167 2118 329 2199 corporale
345 2118 398 2194 sit,
420 2117 500 2178 inter
515 2116 594 2178 bona
611 2123 815 2197 computatur,
839 2115 971 2197 ideoque
986 2125 1018 2180 et
1032 2133 1105 2181 usus
1120 2117 1200 2180 alie-

167 2239 274 2285 narum
289 2237 410 2298 rerum,
433 2237 548 2301 operae
563 2220 661 2283 aliave
677 2220 835 2284 commoda
859 2221 897 2283 ab
919 2220 979 2284 alio
998 2221 1084 2300 nobis
1105 2237 1200 2303 prae·

165 2325 281 2403 mulla,
298 2325 371 2387 item
385 2325 500 2407 ingenii
515 2325 648 2402 inuenta,
664 2342 743 2404 quae
759 2325 967 2406 pecuniarium
983 2325 1095 2388 babent
1110 2324 1200 2387 valo-

165 2449 239 2494 rem
276 2429 344 2492 Jarn
359 2428 535 2491 accuratior
550 2445 624 2490 esse
638 2429 740 2509 coepit
754 2427 877 2492 dominii
894 2430 924 2492 in
936 2431 1008 2512 jure
1024 2430 1199 2510 correptior

165 2553 233 2598 narn
250 2552 319 2598 cum
335 2534 384 2597 illa
400 2539 511 2595 tantm
525 2534 557 2594 iu
572 2533 659 2594 bonis
673 2533 787 2594 nostris
804 2549 876 2595 esse
890 2531 1016 2596 rlioenda
1031 2533 1105 2611 sint,
1122 2513 1200 2614 quae

162 2643 234 2724 jure
253 2638 293 2702 arl
313 2655 371 2702 nos
390 2637 559 2720 pertinent,
583 2637 791 2719 patrimonium
812 2636 898 2718 quasi
916 2639 995 2718 juris
1018 2637 1200 2702 universitas

165 2751 228 2821 est,
252 2761 312 2824 qua
327 2742 388 2806 ouo
398 2743 477 2826 juris
492 2759 610 2826 genera
626 2742 835 2816 continentur,
852 2742 932 2811 jura
954 2743 985 2803 in
1007 2742 1081 2821 ipsis
1105 2742 1200 2807 rebus

165 2848 297 2910 nomme
310 2845 522 2926 corporalibus
535 2847 741 2924 consistentia,
757 2849 853 2926 (quae
869 2853 902 2909 ut
917 2846 976 2908 rlioi
987 2846 1076 2923 solet,
1092 2847 1198 2907 bume-

166 2953 253 3014 unte
267 2951 305 3014 ad
325 2967 382 3013 nos
402 2951 575 3032 pertinent)
597 2958 628 3012 et
641 2952 895 3028 precatoriorum,
926 2968 1053 3032 quarum
1075 2952 1112 3014 ab
1133 2951 1200 3015 aliis

166 3053 544 3139 exigendarumnpotcstas
563 3053 654 3117 nobis
674 3057 828 3136 competit.
867 3055 918 3117 llla
939 3075 955 3117 a
972 3055 1203 3136 jurisconsultis

164 3159 255 3224 neoti
269 3158 350 3223 aerii
360 3159 439 3228 uma
453 3158 574 3234 rectio,
599 3156 690 3222 bodie
701 3160 781 3228 istro
797 3159 832 3219 iu
847 3176 898 3232 re,
923 3158 981 3220 bae
994 3160 1202 3232 obligatiorem

165 3271 327 3327 vocantur.

230 3368 307 3432 Cum
329 3376 429 3432 autem
451 3367 597 3451 obligatio
612 3368 692 3449 juris
711 3368 864 3431 vinculum
886 3367 938 3446 sit,
959 3385 1020 3449 quo
1040 3370 1106 3449 quis
1122 3377 1199 3431 tan-

165 3491 255 3556 guam
278 3472 399 3535 debitor
420 3472 615 3535 necessitate.
628 3470 828 3554 adstringitur
844 3474 946 3552 alteri,
970 3481 1077 3554 utpote
1093 3474 1201 3537 credi..

163 3578 232 3656 tori,
248 3577 380 3659 alicujus
395 3577 441 3639 rei
456 3574 641 3652 soluendae,
656 3574 847 3638 manifestum
864 3583 928 3655 ast,
943 3578 1201 3658 unumquemlibet

161 3681 192 3743 in
215 3679 404 3762 obligatione
434 3679 534 3760 aliqua
566 3687 618 3743 aut
645 3678 830 3741 creditorem
857 3689 909 3742 aut
932 3679 1115 3743 debitorem·
1128 3697 1200 3743 esse

161 3801 268 3868 posse;
291 3783 344 3864 qui
359 3782 507 3846 debitoris
523 3782 622 3845 locum
638 3782 767 3860 obtinet,
793 3801 861 3844 eum
878 3791 930 3845 aut
948 3783 1041 3864 ipsam
1058 3800 1123 3846 rem
1140 3784 1200 3845 de·

162 3890 264 3967 bitum,
287 3905 377 3969 quam
392 3887 423 3949 in
438 3887 623 3969 patrimonio
638 3886 744 3965 babet,
766 3893 926 3968 praestare
942 3893 1080 3966 oportet,
1107 3887 1200 3950 autri

162 3995 220 4057 boc
235 3992 342 4056 iacere
358 3993 472 4071 nequit,
488 3990 538 4053 nel
554 3992 582 4054 si
599 3992 629 4052 in
645 3990 785 4054 iaciendo
802 3990 948 4067 consistit,
965 3989 1124 4073 obligatio,
1141 4008 1199 4054 nec

163 4098 193 4160 ei
207 4096 348 4174 satisfiat,
374 4094 474 4158 darnni
488 4094 690 4158 resarciendi
706 4095 806 4177 gratia
822 4095 988 4175 pecuniam.
1020 4094 1053 4159 ln
1069 4101 1199 4176 utroque

164 4219 238 4265 casu
257 4200 340 4264 bona
363 4199 431 4281 ejus
453 4215 528 4262 aere
549 4198 651 4262 alieno
665 4205 838 4281 gravantur.
871 4196 956 4272 Quae
980 4215 1048 4260 cunr
1070 4197 1112 4262 ita
1130 4199 1198 4262 sint
