3109 5292
829 541 876 610 80

340 724 541 793 elaborarent
578 725 666 801 Quod
681 728 744 811 jam
763 725 945 790 lleineccius
963 724 995 788 in
1013 722 1185 786 somata
1202 721 1289 795 icaria
1306 739 1367 785 aa·

341 830 457 898 taretia
479 838 511 894 et
532 834 669 907 coenon
688 832 783 900 Halae
803 848 882 896 anno
906 827 991 894 1738
1011 829 1144 914 vulgatis
1166 837 1295 894 conatus
1310 837 1368 909 est,

342 955 409 1002 cum
424 955 569 1004 summurn
586 938 665 1022 juris
684 937 833 1002 naturalis
847 936 1025 1022 principium
1039 955 1057 1000 a
1073 933 1206 1019 Coccejo
1220 935 1367 1018 proposi-

340 1051 420 1124 tum,
444 1046 613 1110 accuratius
634 1045 674 1110 ita
694 1044 851 1124 definiret,
873 1051 906 1108 ut
925 1061 1058 1108 amorem
1072 1041 1093 1106 i
1106 1060 1134 1105 e.
1150 1039 1268 1105 amandi
1282 1042 1367 1123 quasi

339 1149 511 1214 instinctum
527 1149 566 1214 ad
581 1150 754 1216 felicitatem
768 1157 903 1214 nostram
921 1150 1078 1214 voluntate
1092 1147 1149 1211 Dei
1170 1147 1257 1211 nobis
1277 1148 1369 1230 inge-

341 1263 479 1320 neratum
494 1273 641 1320 summurn
652 1259 731 1340 juris
746 1255 908 1335 naturalis,
931 1253 1136 1339 cognoscendi
1156 1271 1233 1316 rere
1252 1251 1369 1335 princi-

341 1361 423 1444 pium
439 1379 510 1426 esse
526 1360 734 1426 contenderet:
757 1381 833 1444 quo,
857 1363 1045 1444 inquantum
1060 1361 1135 1426 illud
1156 1361 1285 1425 alterurn
1299 1362 1370 1420 tae-

341 1472 414 1530 dere
429 1473 517 1530 aetat
532 1485 568 1532 ac
583 1485 669 1535 snum
685 1469 796 1552 cuique
804 1469 942 1532 tribuere
952 1469 1051 1545 natet,
1059 1467 1098 1531 ad
1107 1467 1276 1543 iustitiam,
1291 1483 1371 1548 qua·

342 1579 431 1636 tenus
447 1580 546 1638 autern
562 1573 600 1638 ad
620 1574 789 1659 augendam
811 1574 938 1638 aliorum
961 1573 1136 1638 felicitatem
1156 1589 1214 1638 nos
1233 1571 1371 1655 impellit,

343 1677 380 1742 ad
396 1679 602 1743 numanitatis
621 1697 658 1744 ao
680 1679 910 1745 benevolentiae
929 1680 1025 1744 officia
1048 1677 1203 1762 explenda
1225 1677 1371 1741 ducimur.

342 1783 416 1848 lude
428 1785 558 1868 justum,
580 1793 614 1850 ut
635 1785 802 1868 perfectam
819 1795 851 1850 et
865 1786 1023 1852 humanum
1037 1795 1072 1853 ut
1086 1784 1295 1868 imperfectam
1310 1782 1370 1847 ob·

343 1890 526 1976 ligationem,
549 1893 615 1956 sive
627 1894 678 1976 jus
694 1894 831 1958 strictum
846 1901 879 1957 et
892 1893 1033 1958 vinalem
1048 1891 1191 1955 discernit
1207 1889 1247 1968 ¹).

410 1997 491 2062 luter
514 2015 586 2077 ees,
610 1999 661 2081 qui
685 2007 823 2066 ermeno
846 2000 950 2065 seculo
969 1997 1061 2064 xvut
1082 1997 1229 2062 eclectiea
1253 1996 1371 2060 ratione

339 2103 419 2187 juris
439 2104 584 2169 naturalis
604 2104 791 2187 disciplinam
814 2113 998 2183 trocmunt,
1028 2104 1121 2188 longe
1143 2110 1276 2185 praestat
1294 2102 1373 2186 juris

344 2207 504 2291 professor
517 2209 684 2290 lemensis,
707 2211 795 2275 Fred.
812 2212 889 2276 Guil
904 2212 1019 2289 Penei,
1039 2211 1090 2293 qui
1105 2211 1136 2273 in
1151 2207 1229 2273 libro
1243 2227 1304 2272 non
1320 2209 1373 2271 in-

345 2315 478 2400 eleganti
501 2333 643 2381 sermone
671 2318 784 2401 scripta
804 2319 906 2382 Wolfii
931 2316 1098 2383 doctrinam
1120 2333 1190 2378 curn
1217 2313 1315 2378 Grotii
1338 2331 1375 2376 ac

345 2422 495 2488 Thomasii
518 2422 635 2505 placitis
658 2425 838 2506 permixtam
863 2432 895 2487 et
913 2422 1106 2506 opinionibus
1128 2420 1228 2485 medio
1249 2418 1374 2511 saeculo

345 2527 439 2594 XVlll
458 2529 629 2613 vigentibus
647 2538 845 2612 temperatam
868 2529 1010 2614 exposuit
1024 2526 1065 2603 ³).
1101 2526 1193 2590 Liber
1215 2527 1283 2608 eius
1303 2525 1375 2588 uui-

345 2651 465 2698 versum
481 2652 596 2700 mcrum
612 2634 799 2718 disciplinam
814 2636 1004 2719 amplectitur
1010 2654 1019 2711 ;
1041 2632 1178 2716 perfecta
1199 2631 1269 2695 ideo
1284 2631 1376 2712 vique

346 2749 474 2807 externa
490 2741 686 2824 exsequenda
701 2742 797 2806 officia
812 2742 904 2806 habet
917 2748 1023 2806 aucmr
1038 2758 1085 2817 ea,
1100 2738 1208 2820 umbus
1222 2735 1373 2820 neglectis

346 2845 429 2912 nulla
444 2854 528 2910 esset
541 2846 685 2910 humanae
700 2866 737 2912 ae
753 2847 851 2911 civilis
871 2847 1022 2910 sedentis
1042 2842 1234 2908 conservatio
1249 2839 1291 2917 ⁸).
1318 2840 1375 2904 lll-

347 2952 420 3030 timi,
443 2951 540 3033 quiin
555 2951 693 3016 eclectici
703 2953 782 3035 iuris
797 2953 942 3020 naturalis
956 2949 1105 3016 coeundi
1120 2949 1236 3014 ratione
1251 2949 1376 3011 clarue-
1425 3017 1433 3038 .

348 3063 429 3134 runt,
444 3064 531 3119 erant
541 3058 618 3139 juris
634 3057 731 3122 civilis
746 3060 940 3142 professores
955 3056 1151 3140 lloepfnerus
1164 3059 1206 3131 (†
1225 3051 1328 3131 1780)
1342 3051 1376 3129 ⁴)

349 3168 381 3224 et
395 3159 580 3224 Hufelandus
596 3165 636 3236 (†
654 3159 757 3239 1⁷90)
772 3160 821 3241 5);
844 3172 974 3246 uterque
993 3162 1113 3227 nonnisi
1133 3162 1229 3226 officia
1244 3159 1379 3226 motioni

349 3266 478 3334 obnoxia
509 3273 628 3348 spectat
652 3267 814 3352 linguaque
835 3272 1007 3356 germanica
1029 3263 1166 3333 inlibris
1188 3269 1252 3332 suis
1275 3268 1378 3331 utitm.

406 3448 430 3515 1)
449 3445 588 3498 Heineccii
600 3449 738 3501 Elementa
746 3451 818 3517 juris
830 3451 967 3515 naturalis,
979 3467 1005 3518 p.
1020 3453 1068 3500 172
1082 3465 1121 3514 sq.

404 3536 430 3604 2)
448 3536 536 3587 Prima
549 3536 629 3588 editio
643 3537 719 3589 libri:
732 3539 913 3591 Fundamenta
922 3537 1146 3606 jurisprudentiae
1157 3534 1286 3588 naturalis
1297 3550 1380 3603 parvo

351 3622 487 3676 volumine
499 3630 623 3676 contenta
634 3627 733 3693 prodiit
746 3643 814 3678 anno
830 3629 912 3689 17733
931 3627 1023 3693 quinta
1035 3642 1051 3677 a
1062 3625 1118 3677 fillo
1131 3626 1230 3677 autoris
1242 3622 1381 3691 publicata

321 3740 326 3751 ·
352 3729 385 3764 arr
398 3713 501 3766 duobus
513 3715 591 3765 tomis
604 3721 736 3779 constans,
755 3715 840 3782 Lugd.
853 3716 945 3768 Batar.
961 3716 1036 3766 1808.

406 3801 433 3868 s)
451 3803 525 3855 Tem.
538 3802 573 3854 11.
592 3805 615 3866 5.
629 3804 678 3856 ant
692 3805 721 3856 in
732 3804 751 3856 f.

405 3888 432 3956 4)
451 3888 606 3942 Nasamona
621 3889 667 3942 der
681 3890 810 3943 einoehaen
824 3890 972 3955 namna,
990 3889 1185 3958 Ouellacloflen
1200 3887 1257 3940 mad
1280 3888 1381 3942 Walter.

355 3977 430 4027 1180.
450 3979 474 4028 6.
492 3978 541 4030 nd.
559 3978 657 4045 prodiit
676 3982 754 4044 1806,
773 3996 852 4046 quarn
866 3981 895 4030 in
913 3978 1024 4031 latinum
1041 3994 1187 4031 sermonem
1202 3978 1282 4030 vortit
1301 3978 1381 4030 Raidt

357 4065 431 4116 1800.

407 4151 435 4218 a)
453 4150 830 4208 teramnensem-eene.
853 4155 885 4206 ιιι
900 4154 1017 4207 mmu-
1028 4152 1144 4206 unrrao
1155 4152 1271 4206 ausona
1289 4154 1381 4222 (raas)
1400 4113 1403 4117 ’

354 4245 448 4294 auctor
458 4241 587 4296 astionem
598 4243 692 4298 habuit
703 4243 796 4298 Kautu'i
807 4243 959 4310 lichtiiqua
970 4241 1113 4295 doetrinae.

1532 370 1534 487 l

1533 582 1535 687 t
