3109 5292
824 552 869 622 08

329 737 480 802 facultatis
496 738 578 814 (siue
593 734 791 812 voluntatis),
808 733 907 796 statim
922 749 962 794 ac
971 735 1059 815 jassa
1073 739 1157 811 sunt,
1172 727 1365 794 mccssitstis

329 859 400 905 esse
425 842 588 923 incipiunt
607 837 760 918 Quidquid
784 837 844 899 hoc
868 835 958 900 modo
981 837 1184 919 praecipitur,
1218 843 1304 898 recte
1325 833 1365 896 alr

328 943 457 1028 lingone
474 944 580 1007 Grotio
594 944 674 1026 juris
691 941 984 1020 rotnascenses
1000 941 1120 1004 dicitur.

397 1049 459 1112 l’ali
475 1049 631 1112 sanctione
646 1047 868 1110 interveniente
884 1064 939 1123 ca,
963 1063 1041 1126 quae
1058 1045 1187 1129 primum
1209 1043 1365 1107 dumtaxat

327 1153 477 1212 utilitatis
493 1169 585 1213 causa
602 1157 653 1212 aut
669 1151 883 1210 tencrotcntio
898 1150 929 1211 in
945 1149 1023 1211 alios
1041 1149 1122 1211 ducti
1139 1148 1364 1228 exoptavimus,

325 1255 367 1318 ita
382 1255 556 1334 firmantur,
579 1264 611 1318 ut
627 1254 664 1317 ab
679 1255 716 1317 iis
732 1262 871 1335 tanquam
883 1255 956 1335 jure
971 1256 1091 1316 statutis
1105 1253 1196 1316 nobis
1211 1251 1363 1315 recodere

325 1375 386 1420 non
401 1359 502 1421 liceat.

391 1459 533 1525 Nituntur
549 1461 643 1544 igitur
660 1462 759 1524 omnia
774 1469 833 1524 tam
849 1461 958 1542 privati
973 1479 1063 1542 quam
1081 1461 1196 1544 publici
1212 1459 1291 1543 juris
1311 1460 1364 1521 in-

325 1566 437 1629 stitula‘
451 1573 503 1628 aut
524 1567 554 1627 in
568 1567 701 1642 plpsico
717 1565 800 1641 (sive
816 1564 961 1641 naturali)
976 1574 1029 1628 aut
1041 1566 1198 1627 ratioaali
1213 1572 1266 1626 aut
1280 1563 1365 1624 cicili

255 1742 257 1744 v
325 1671 522 1747 necessitate,
544 1687 639 1750 quare
655 1668 852 1751 approbanda
866 1668 989 1731 videtur
1002 1667 1271 1731 Romanorumilla
1283 1668 1363 1751 juris

325 1773 481 1851 naturalis,
497 1774 632 1855 gentium
650 1781 680 1834 et
696 1773 795 1834 civilis
806 1774 887 1855 juris
901 1772 1051 1835 distinctio
1058 1771 1099 1848 ³).

391 1874 444 1938 47.
466 1877 513 1938 Ex
524 1877 570 1955 iis,
596 1877 831 1957 quaelractenus
843 1876 1071 1958 disputavimus,
1087 1879 1235 1957 sequitur,
1250 1877 1372 1951 nullsur¹

322 1981 396 2062 justi
416 1981 623 2062 quaestionem
646 1999 717 2044 esse
738 1999 831 2062 posse
851 1981 909 2043 nisi
928 1981 988 2044 duo
1007 1989 1205 2044 concurrant:
1229 1984 1363 2044 trames

325 2085 474 2166 quaedam
494 2087 572 2147 inter
592 2085 696 2166 plures
715 2085 854 2146 homines
869 2087 1113 2146 necessitudines
1128 2087 1213 2160 (sive
1229 2087 1363 2162 „cocci-

326 2191 517 2266 steotinc“)‚
541 2196 571 2250 et
595 2188 768 2269 dijudicatio
792 2189 923 2267 illarum,
948 2207 987 2252 eo
1006 2190 1134 2252 consilio
1154 2189 1299 2267 instituta,
1318 2195 1362 2266 ut,

325 2291 396 2373 quid
412 2293 523 2373 cuique
539 2292 586 2354 his
601 2295 631 2355 in
649 2294 743 2356 rebus
759 2295 800 2356 sit
814 2293 1019 2370 tribuendum,
1034 2294 1262 2375 perspiciamus

388 2395 411 2456 l.
431 2395 568 2478 solivagi
584 2397 714 2459 hominis
724 2405 821 2460 status
835 2400 862 2459 is
871 2404 929 2475 est,
946 2405 988 2475 ut,
1003 2397 1145 2478 quidquid
1154 2397 1184 2458 ci
1199 2395 1362 2478 placuerit,

324 2506 470 2579 appetere
487 2505 519 2558 et
540 2515 719 2580 comparare
740 2501 797 2562 sibi
818 2501 933 2581 possit,
956 2503 982 2563 si
997 2501 1115 2564 viribus
1130 2502 1195 2564 suis
1214 2501 1289 2564 illud
1304 2495 1363 2563 siti

306 2674 307 2678 Ἰ
324 2601 476 2683 subjicere
485 2601 597 2680 valcat,
610 2621 667 2666 nec
683 2606 802 2668 ratione
817 2605 893 2667 alius
909 2605 1010 2667 habita
1026 2623 1043 2666 a
1059 2605 1206 2686 propositi
1221 2605 1270 2668 sui
1284 2622 1362 2686 pcr-

325 2707 485 2768 seoutione
506 2705 683 2768 retineatur.
723 2707 768 2770 Eo
792 2707 913 2770 demum
933 2715 1101 2785 momento,
1123 2725 1185 2789 qao
1205 2725 1275 2771 cum
1294 2707 1363 2770 attis

325 2809 444 2872 obviam
460 2811 518 2872 sibi
535 2809 677 2872 euntibus
693 2813 866 2873 commercii
882 2811 1013 2874 coeundi
1029 2811 1129 2875 studio
1144 2811 1282 2890 ducitur,
1302 2827 1363 2892 per

324 2930 359 2976 sc
375 2914 442 2994 ipse
459 2913 587 2994 cogitat:
611 2914 643 2974 in
658 2921 802 2993 quantum
817 2913 864 2993 id,
885 2915 969 2996 quod
984 2916 1027 2977 illi
1042 2923 1161 2996 petant,
1183 2932 1242 2996 pro
1257 2915 1362 2980 debito

323 3033 496 3099 agnoscere
512 3023 563 3078 aut
576 3023 674 3079 ratum
694 3018 821 3097 habere,
848 3027 881 3082 et
895 3019 1036 3101 quidnam
1055 3020 1094 3081 iis
1113 3027 1274 3101 praestare
1288 3034 1362 3082 sess

325 3120 488 3199 oporteat?
529 3119 730 3191 Quamobrem
747 3123 842 3202 prima
859 3124 956 3185 omnis
966 3123 1047 3204 juris
1063 3123 1194 3185 conditio
1209 3130 1259 3186 est
1271 3139 1361 3184 com·-

325 3221 480 3284 munitatis
494 3223 609 3285 initium
618 3221 649 3298 ³)
660 3227 725 3286 sive
737 3227 910 3288 commercii
922 3227 989 3289 sive
999 3227 1127 3289 familiae
1137 3227 1202 3289 sive
1213 3227 1377 3308 cujusque
1419 3237 1436 3266 0

277 3373 284 3386 ,
325 3327 493 3390 societatis.
512 3327 608 3400 Quum
619 3347 656 3391 ea
671 3329 877 3393 tantummodo
893 3330 982 3392 lactis
997 3329 1360 3393 intervenientibuscon-

324 3431 438 3512 tingat,
460 3430 538 3493 hanc
553 3434 648 3509 facti,
672 3433 722 3497 vel
742 3452 811 3496 cum
829 3433 1024 3498 Scholasticis
1044 3435 1243 3496 materialem
1263 3431 1360 3496 omnis

321 3534 401 3616 juris
417 3536 620 3599 conditionem
636 3537 792 3619 appellare
808 3539 895 3602 nobis
911 3539 1008 3602 liceat

391 3637 425 3701 ll.
448 3639 698 3704 Necessitudines
715 3659 752 3704 eo
768 3641 858 3705 modo
873 3644 953 3706 inter
967 3642 1104 3706 homines
1119 3649 1282 3707 nascentes
1302 3659 1358 3706 sua

381 3820 407 3887 1)
426 3820 466 3870 Dc
475 3821 536 3884 jure
549 3819 612 3871 belli
625 3825 651 3869 ct
664 3822 738 3886 pacis
750 3822 946 3888 prolegomena„
965 3825 988 3886 5.
1005 3827 1044 3873 12.

379 3906 407 3973 2)
425 3908 467 3955 Pr.
480 3907 507 3956 J.
523 3912 545 3956 1.
559 3911 582 3956 2.
595 3906 640 3968 (de
649 3907 670 3971 j.
683 3924 707 3957 n.
721 3909 840 3973 gentium
853 3915 879 3960 st
892 3909 987 3977 cirili.)

380 3991 406 4056 3)
425 3993 569 4043 Verissimus
581 3994 662 4058 igitur
673 3993 864 4047 illaCicsrouis
876 3998 1020 4047 sententia:
1035 3997 1180 4062 ,cumDiis
1193 3997 1258 4063 quid
1270 4003 1358 4066 potest

326 4075 404 4127 nobis
418 4093 475 4127 csse
488 4079 571 4142 juris,
591 4095 672 4143 quum
685 4081 787 4132 homini
798 4083 874 4134 nulla
887 4100 948 4143 curn
960 4085 1016 4135 Deo
1028 4087 1065 4136 sit
1077 4087 1285 4137 communicaret
1316 4085 1358 4136 Ds

326 4169 380 4214 net.
393 4163 472 4214 Dcor.
485 4165 506 4228 I,
519 4167 562 4236 il,
577 4168 634 4217 116.
