<?xml version="1.0" encoding="UTF-8"?>
<!DOCTYPE html PUBLIC "-//W3C//DTD XHTML 1.0 Transitional//EN"
    "http://www.w3.org/TR/xhtml1/DTD/xhtml1-transitional.dtd">
<html xmlns="http://www.w3.org/1999/xhtml" xml:lang="en" lang="en">
 <head>
  <title>
</title>
<meta http-equiv="Content-Type" content="text/html;charset=utf-8" />
  <meta name='ocr-system' content='tesseract 3.04.00' />
  <meta name='ocr-capabilities' content='ocr_page ocr_carea ocr_par ocr_line ocrx_word'/>
</head>
<body>
  <div class='ocr_page' id='page_1' title='image "./philosophiaejur00warngoog_0123.png"; bbox 0 0 3109 5292; ppageno 0'>
   <div class='ocr_carea' id='block_1_1' title="bbox 816 561 913 628">
    <p class='ocr_par' dir='ltr' id='par_1_1' title="bbox 816 561 913 628">
     <span class='ocr_line' id='line_1_1' title="bbox 816 561 913 628; baseline -0.01 0"><span class='ocrx_word' id='word_1_1' title='bbox 816 561 881 628; x_wconf 80' lang='lat' dir='ltr'><strong>tta</strong></span> <span class='ocrx_word' id='word_1_2' title='bbox 903 561 913 588; x_wconf 88' lang='grc'><strong>“·</strong></span> 
     </span>
    </p>
   </div>
   <div class='ocr_carea' id='block_1_2' title="bbox 256 731 1439 3339">
    <p class='ocr_par' dir='ltr' id='par_1_2' title="bbox 327 731 1369 925">
     <span class='ocr_line' id='line_1_2' title="bbox 327 731 1369 826; baseline -0.008 -18"><span class='ocrx_word' id='word_1_3' title='bbox 327 753 360 808; x_wconf 90' lang='lat' dir='ltr'><strong>et</strong></span> <span class='ocrx_word' id='word_1_4' title='bbox 372 743 405 808; x_wconf 87' lang='lat' dir='ltr'><strong>bi</strong></span> <span class='ocrx_word' id='word_1_5' title='bbox 419 743 587 826; x_wconf 78' lang='lat' dir='ltr'><strong>participer</strong></span> <span class='ocrx_word' id='word_1_6' title='bbox 602 758 675 806; x_wconf 87' lang='lat' dir='ltr'><strong>esse</strong></span> <span class='ocrx_word' id='word_1_7' title='bbox 688 748 822 820; x_wconf 68' lang='lat' dir='ltr'><strong>mutet,</strong></span> <span class='ocrx_word' id='word_1_8' title='bbox 842 741 899 804; x_wconf 87' lang='lat' dir='ltr'><strong>sibi</strong></span> <span class='ocrx_word' id='word_1_9' title='bbox 915 739 1100 823; x_wconf 68' lang='lat' dir='ltr'><strong>arripientes</strong></span> <span class='ocrx_word' id='word_1_10' title='bbox 1114 752 1166 804; x_wconf 86' lang='lat' dir='ltr'><strong>res</strong></span> <span class='ocrx_word' id='word_1_11' title='bbox 1182 755 1260 821; x_wconf 85' lang='lat' dir='ltr'><strong>quae</strong></span> <span class='ocrx_word' id='word_1_12' title='bbox 1269 731 1369 820; x_wconf 83' lang='lat' dir='ltr'><strong>ipso·</strong></span> 
     </span>
     <span class='ocr_line' id='line_1_3' title="bbox 327 845 995 925; baseline -0.01 -11"><span class='ocrx_word' id='word_1_13' title='bbox 327 867 395 914; x_wconf 83' lang='lat' dir='ltr'><strong>ruur</strong></span> <span class='ocrx_word' id='word_1_14' title='bbox 410 866 482 913; x_wconf 88' lang='lat' dir='ltr'><strong>esse</strong></span> <span class='ocrx_word' id='word_1_15' title='bbox 497 848 657 925; x_wconf 73' lang='lat' dir='ltr'><strong>deberent,</strong></span> <span class='ocrx_word' id='word_1_16' title='bbox 672 846 710 909; x_wconf 91' lang='lat' dir='ltr'><strong>iis</strong></span> <span class='ocrx_word' id='word_1_17' title='bbox 725 845 922 910; x_wconf 70' lang='lat' dir='ltr'><strong>abstulissent</strong></span> <span class='ocrx_word' id='word_1_18' title='bbox 939 845 978 921; x_wconf 83' lang='lat'><strong>¹).</strong></span> <span class='ocrx_word' id='word_1_19' title='bbox 993 869 995 876; x_wconf 53' lang='lat'>&gt;</span> 
     </span>
    </p>

    <p class='ocr_par' dir='ltr' id='par_1_3' title="bbox 256 947 1370 1350">
     <span class='ocr_line' id='line_1_4' title="bbox 321 947 1369 1034; baseline -0.007 -17"><span class='ocrx_word' id='word_1_20' title='bbox 321 983 325 989; x_wconf 50' lang='lat'><strong><em>⁴</em></strong></span> <span class='ocrx_word' id='word_1_21' title='bbox 392 950 446 1018; x_wconf 82' lang='grc'><strong>88.</strong></span> <span class='ocrx_word' id='word_1_22' title='bbox 467 953 534 1016; x_wconf 80' lang='lat' dir='ltr'><strong>Jann</strong></span> <span class='ocrx_word' id='word_1_23' title='bbox 549 950 725 1034; x_wconf 78' lang='lat' dir='ltr'><strong>diligentius</strong></span> <span class='ocrx_word' id='word_1_24' title='bbox 738 949 967 1030; x_wconf 85' lang='lat' dir='ltr'><strong>inquirendum,</strong></span> <span class='ocrx_word' id='word_1_25' title='bbox 989 957 1089 1014; x_wconf 86' lang='lat' dir='ltr'><strong>utrum</strong></span> <span class='ocrx_word' id='word_1_26' title='bbox 1105 951 1222 1032; x_wconf 69' lang='lat' dir='ltr'><strong>privata</strong></span> <span class='ocrx_word' id='word_1_27' title='bbox 1238 947 1369 1012; x_wconf 84' lang='lat' dir='ltr'><strong>dominia</strong></span> 
     </span>
     <span class='ocr_line' id='line_1_5' title="bbox 323 1051 1369 1142; baseline -0.007 -21"><span class='ocrx_word' id='word_1_28' title='bbox 323 1060 395 1142; x_wconf 88' lang='lat' dir='ltr'><strong>jure</strong></span> <span class='ocrx_word' id='word_1_29' title='bbox 417 1057 547 1121; x_wconf 80' lang='lat' dir='ltr'><strong>naturali</strong></span> <span class='ocrx_word' id='word_1_30' title='bbox 569 1056 793 1120; x_wconf 69' lang='lat' dir='ltr'><strong>constituantur</strong></span> <span class='ocrx_word' id='word_1_31' title='bbox 813 1053 833 1116; x_wconf 89' lang='lat' dir='ltr'><strong>i.</strong></span> <span class='ocrx_word' id='word_1_32' title='bbox 849 1072 876 1117; x_wconf 89' lang='lat' dir='ltr'><strong>e.</strong></span> <span class='ocrx_word' id='word_1_33' title='bbox 895 1062 929 1118; x_wconf 93' lang='lat' dir='ltr'><strong>ut</strong></span> <span class='ocrx_word' id='word_1_34' title='bbox 948 1073 985 1118; x_wconf 87' lang='lat' dir='ltr'><strong>ea</strong></span> <span class='ocrx_word' id='word_1_35' title='bbox 1007 1054 1072 1118; x_wconf 85' lang='lat' dir='ltr'><strong>sota</strong></span> <span class='ocrx_word' id='word_1_36' title='bbox 1091 1071 1150 1136; x_wconf 89' lang='lat' dir='ltr'><strong>per</strong></span> <span class='ocrx_word' id='word_1_37' title='bbox 1170 1071 1206 1116; x_wconf 89' lang='lat' dir='ltr'><strong>se</strong></span> <span class='ocrx_word' id='word_1_38' title='bbox 1217 1051 1369 1137; x_wconf 86' lang='lat' dir='ltr'><strong>justadi-</strong></span> 
     </span>
     <span class='ocr_line' id='line_1_6' title="bbox 256 1158 1370 1241; baseline -0.005 -15"><span class='ocrx_word' id='word_1_39' title='bbox 256 1205 266 1214; x_wconf 91' lang='lat'>-</span> <span class='ocrx_word' id='word_1_40' title='bbox 327 1160 425 1226; x_wconf 83' lang='lat' dir='ltr'><strong>aenda</strong></span> <span class='ocrx_word' id='word_1_41' title='bbox 449 1163 523 1239; x_wconf 88' lang='lat' dir='ltr'><strong>sint,</strong></span> <span class='ocrx_word' id='word_1_42' title='bbox 546 1177 627 1224; x_wconf 88' lang='lat' dir='ltr'><strong>anna</strong></span> <span class='ocrx_word' id='word_1_43' title='bbox 645 1167 677 1222; x_wconf 90' lang='lat' dir='ltr'><strong>et</strong></span> <span class='ocrx_word' id='word_1_44' title='bbox 694 1159 755 1222; x_wconf 87' lang='lat' dir='ltr'><strong>aiia</strong></span> <span class='ocrx_word' id='word_1_45' title='bbox 773 1158 898 1223; x_wconf 87' lang='lat' dir='ltr'><strong>dominii</strong></span> <span class='ocrx_word' id='word_1_46' title='bbox 917 1159 1091 1222; x_wconf 85' lang='lat' dir='ltr'><strong>constitutio</strong></span> <span class='ocrx_word' id='word_1_47' title='bbox 1110 1159 1247 1241; x_wconf 84' lang='lat' dir='ltr'><strong>justitiae</strong></span> <span class='ocrx_word' id='word_1_48' title='bbox 1270 1175 1370 1240; x_wconf 85' lang='lat' dir='ltr'><strong>prae-</strong></span> 
     </span>
     <span class='ocr_line' id='line_1_7' title="bbox 326 1257 830 1350; baseline -0.01 -19"><span class='ocrx_word' id='word_1_49' title='bbox 326 1266 426 1350; x_wconf 85' lang='lat' dir='ltr'><strong>oeptis</strong></span> <span class='ocrx_word' id='word_1_50' title='bbox 441 1273 646 1330; x_wconf 84' lang='lat' dir='ltr'><strong>eonsentanoa</strong></span> <span class='ocrx_word' id='word_1_51' title='bbox 661 1265 722 1328; x_wconf 82' lang='lat' dir='ltr'><strong>sit?</strong></span> <span class='ocrx_word' id='word_1_52' title='bbox 826 1257 830 1264; x_wconf 85' lang='grc'><strong>’</strong></span> 
     </span>
    </p>

    <p class='ocr_par' dir='ltr' id='par_1_4' title="bbox 284 1367 1439 3339">
     <span class='ocr_line' id='line_1_8' title="bbox 394 1367 1439 1456; baseline -0.004 -23"><span class='ocrx_word' id='word_1_53' title='bbox 394 1369 433 1434; x_wconf 85' lang='lat' dir='ltr'><strong>Et</strong></span> <span class='ocrx_word' id='word_1_54' title='bbox 447 1370 576 1452; x_wconf 85' lang='lat' dir='ltr'><strong>primunr</strong></span> <span class='ocrx_word' id='word_1_55' title='bbox 595 1368 717 1451; x_wconf 85' lang='lat' dir='ltr'><strong>quidem</strong></span> <span class='ocrx_word' id='word_1_56' title='bbox 737 1388 777 1434; x_wconf 89' lang='lat' dir='ltr'><strong>an</strong></span> <span class='ocrx_word' id='word_1_57' title='bbox 792 1368 958 1432; x_wconf 81' lang='lat' dir='ltr'><strong>Kantianaa</strong></span> <span class='ocrx_word' id='word_1_58' title='bbox 973 1368 1096 1432; x_wconf 79' lang='lat' dir='ltr'><strong>subolae</strong></span> <span class='ocrx_word' id='word_1_59' title='bbox 1111 1368 1192 1434; x_wconf 84' lang='lat' dir='ltr'><strong>itiins</strong></span> <span class='ocrx_word' id='word_1_60' title='bbox 1208 1367 1370 1430; x_wconf 85' lang='lat' dir='ltr'><strong>doetrinae</strong></span> <span class='ocrx_word' id='word_1_61' title='bbox 1430 1445 1439 1456; x_wconf 38' lang='grc'><strong><em>,</em></strong></span> 
     </span>
     <span class='ocr_line' id='line_1_9' title="bbox 326 1471 1371 1557; baseline -0.004 -19"><span class='ocrx_word' id='word_1_62' title='bbox 326 1475 546 1539; x_wconf 83' lang='lat' dir='ltr'><strong>demonstratio</strong></span> <span class='ocrx_word' id='word_1_63' title='bbox 561 1473 731 1557; x_wconf 77' lang='lat' dir='ltr'><strong>impugnari</strong></span> <span class='ocrx_word' id='word_1_64' title='bbox 747 1473 853 1554; x_wconf 82' lang='lat' dir='ltr'><strong>possit,</strong></span> <span class='ocrx_word' id='word_1_65' title='bbox 862 1471 1068 1553; x_wconf 67' lang='lat' dir='ltr'><strong>quaerffldurn</strong></span> <span class='ocrx_word' id='word_1_66' title='bbox 1084 1480 1139 1536; x_wconf 87' lang='lat' dir='ltr'><strong>ost</strong></span> <span class='ocrx_word' id='word_1_67' title='bbox 1159 1471 1371 1536; x_wconf 81' lang='lat' dir='ltr'><strong>Admittuntur</strong></span> 
     </span>
     <span class='ocr_line' id='line_1_10' title="bbox 326 1575 1372 1660; baseline -0.009 -14"><span class='ocrx_word' id='word_1_68' title='bbox 326 1581 366 1646; x_wconf 84' lang='lat' dir='ltr'><strong>ab</strong></span> <span class='ocrx_word' id='word_1_69' title='bbox 381 1580 441 1644; x_wconf 83' lang='lat' dir='ltr'><strong>iliis</strong></span> <span class='ocrx_word' id='word_1_70' title='bbox 456 1578 645 1660; x_wconf 79' lang='lat' dir='ltr'><strong>pbilosophis</strong></span> <span class='ocrx_word' id='word_1_71' title='bbox 660 1578 782 1659; x_wconf 87' lang='lat' dir='ltr'><strong>quidam</strong></span> <span class='ocrx_word' id='word_1_72' title='bbox 800 1578 920 1641; x_wconf 87' lang='lat' dir='ltr'><strong>dominii</strong></span> <span class='ocrx_word' id='word_1_73' title='bbox 936 1576 1114 1658; x_wconf 74' lang='lat' dir='ltr'><strong>anquirendi</strong></span> <span class='ocrx_word' id='word_1_74' title='bbox 1129 1576 1222 1656; x_wconf 85' lang='lat' dir='ltr'><strong>modi,</strong></span> <span class='ocrx_word' id='word_1_75' title='bbox 1244 1575 1298 1658; x_wconf 91' lang='lat' dir='ltr'><strong>qui</strong></span> <span class='ocrx_word' id='word_1_76' title='bbox 1312 1593 1372 1658; x_wconf 88' lang='lat' dir='ltr'><strong>per</strong></span> 
     </span>
     <span class='ocr_line' id='line_1_11' title="bbox 323 1679 1371 1763; baseline -0.007 -15"><span class='ocrx_word' id='word_1_77' title='bbox 323 1685 435 1763; x_wconf 82' lang='lat' dir='ltr'><strong>so‚uel</strong></span> <span class='ocrx_word' id='word_1_78' title='bbox 448 1683 579 1747; x_wconf 89' lang='lat' dir='ltr'><strong>naturali</strong></span> <span class='ocrx_word' id='word_1_79' title='bbox 594 1682 723 1763; x_wconf 86' lang='lat' dir='ltr'><strong>quadarn</strong></span> <span class='ocrx_word' id='word_1_80' title='bbox 738 1682 932 1760; x_wconf 70' lang='lat' dir='ltr'><strong>neeessiute,</strong></span> <span class='ocrx_word' id='word_1_81' title='bbox 943 1679 1075 1762; x_wconf 84' lang='lat' dir='ltr'><strong>ideoque</strong></span> <span class='ocrx_word' id='word_1_82' title='bbox 1083 1681 1114 1744; x_wconf 91' lang='lat' dir='ltr'><strong>in</strong></span> <span class='ocrx_word' id='word_1_83' title='bbox 1130 1689 1211 1746; x_wconf 88' lang='lat' dir='ltr'><strong>statu</strong></span> <span class='ocrx_word' id='word_1_84' title='bbox 1224 1680 1371 1758; x_wconf 83' lang='lat' dir='ltr'><strong>naturali,</strong></span> 
     </span>
     <span class='ocr_line' id='line_1_12' title="bbox 327 1785 1372 1870; baseline -0.004 -18"><span class='ocrx_word' id='word_1_85' title='bbox 327 1805 419 1870; x_wconf 84' lang='lat' dir='ltr'><strong>quem</strong></span> <span class='ocrx_word' id='word_1_86' title='bbox 433 1795 553 1866; x_wconf 80' lang='lat' dir='ltr'><strong>vorant,</strong></span> <span class='ocrx_word' id='word_1_87' title='bbox 568 1787 701 1868; x_wconf 77' lang='lat' dir='ltr'><strong>aliquem</strong></span> <span class='ocrx_word' id='word_1_88' title='bbox 710 1785 863 1850; x_wconf 85' lang='lat' dir='ltr'><strong>dominum</strong></span> <span class='ocrx_word' id='word_1_89' title='bbox 878 1787 1007 1869; x_wconf 77' lang='lat' dir='ltr'><strong>alieuius</strong></span> <span class='ocrx_word' id='word_1_90' title='bbox 1023 1788 1069 1850; x_wconf 88' lang='lat' dir='ltr'><strong>rei</strong></span> <span class='ocrx_word' id='word_1_91' title='bbox 1085 1785 1241 1869; x_wconf 81' lang='lat' dir='ltr'><strong>periinere</strong></span> <span class='ocrx_word' id='word_1_92' title='bbox 1257 1785 1372 1848; x_wconf 65' lang='lat' dir='ltr'><strong>enud-</strong></span> 
     </span>
     <span class='ocr_line' id='line_1_13' title="bbox 329 1890 1373 1973; baseline -0.004 -16"><span class='ocrx_word' id='word_1_93' title='bbox 329 1899 419 1957; x_wconf 81' lang='lat' dir='ltr'><strong>uaant</strong></span> <span class='ocrx_word' id='word_1_94' title='bbox 456 1890 604 1956; x_wconf 74' lang='lat' dir='ltr'><strong>Constant</strong></span> <span class='ocrx_word' id='word_1_95' title='bbox 630 1893 661 1955; x_wconf 92' lang='lat' dir='ltr'><strong>in</strong></span> <span class='ocrx_word' id='word_1_96' title='bbox 687 1891 775 1955; x_wconf 77' lang='lat' dir='ltr'><strong>saetis</strong></span> <span class='ocrx_word' id='word_1_97' title='bbox 798 1891 850 1954; x_wconf 88' lang='lat' dir='ltr'><strong>vel</strong></span> <span class='ocrx_word' id='word_1_98' title='bbox 879 1893 1048 1956; x_wconf 82' lang='lat' dir='ltr'><strong>actionibus</strong></span> <span class='ocrx_word' id='word_1_99' title='bbox 1072 1910 1090 1954; x_wconf 87' lang='lat' dir='ltr'><strong>a</strong></span> <span class='ocrx_word' id='word_1_100' title='bbox 1113 1892 1186 1956; x_wconf 90' lang='lat' dir='ltr'><strong>solis</strong></span> <span class='ocrx_word' id='word_1_101' title='bbox 1207 1892 1373 1973; x_wconf 74' lang='lat' dir='ltr'><strong>anquirere</strong></span> 
     </span>
     <span class='ocr_line' id='line_1_14' title="bbox 329 1996 1372 2079; baseline -0.006 -17"><span class='ocrx_word' id='word_1_102' title='bbox 329 1997 501 2062; x_wconf 81' lang='lat' dir='ltr'><strong>volentibus</strong></span> <span class='ocrx_word' id='word_1_103' title='bbox 515 1999 693 2075; x_wconf 82' lang='lat' dir='ltr'><strong>commissis,</strong></span> <span class='ocrx_word' id='word_1_104' title='bbox 709 1998 817 2079; x_wconf 90' lang='lat' dir='ltr'><strong>quibus</strong></span> <span class='ocrx_word' id='word_1_105' title='bbox 834 1997 910 2060; x_wconf 82' lang='lat' dir='ltr'><strong>efflei</strong></span> <span class='ocrx_word' id='word_1_106' title='bbox 926 1996 1039 2074; x_wconf 84' lang='lat' dir='ltr'><strong>dieunt,</strong></span> <span class='ocrx_word' id='word_1_107' title='bbox 1056 2004 1090 2060; x_wconf 91' lang='lat' dir='ltr'><strong>ut</strong></span> <span class='ocrx_word' id='word_1_108' title='bbox 1105 2013 1158 2059; x_wconf 88' lang='lat' dir='ltr'><strong>res</strong></span> <span class='ocrx_word' id='word_1_109' title='bbox 1173 1996 1294 2078; x_wconf 82' lang='lat' dir='ltr'><strong>aliquae</strong></span> <span class='ocrx_word' id='word_1_110' title='bbox 1310 2003 1372 2058; x_wconf 82' lang='lat' dir='ltr'><strong>tum</strong></span> 
     </span>
     <span class='ocr_line' id='line_1_15' title="bbox 330 2102 1371 2187; baseline -0.004 -19"><span class='ocrx_word' id='word_1_111' title='bbox 330 2112 417 2168; x_wconf 86' lang='lat' dir='ltr'><strong>arete</strong></span> <span class='ocrx_word' id='word_1_112' title='bbox 432 2121 501 2166; x_wconf 87' lang='lat' dir='ltr'><strong>oum</strong></span> <span class='ocrx_word' id='word_1_113' title='bbox 517 2102 647 2187; x_wconf 74' lang='lat' dir='ltr'><strong>singuiis</strong></span> <span class='ocrx_word' id='word_1_114' title='bbox 662 2104 904 2186; x_wconf 76' lang='lat' dir='ltr'><strong>conjungantur,</strong></span> <span class='ocrx_word' id='word_1_115' title='bbox 925 2110 958 2167; x_wconf 91' lang='lat' dir='ltr'><strong>ut</strong></span> <span class='ocrx_word' id='word_1_116' title='bbox 978 2103 1004 2166; x_wconf 90' lang='lat' dir='ltr'><strong>si</strong></span> <span class='ocrx_word' id='word_1_117' title='bbox 1020 2103 1089 2184; x_wconf 88' lang='lat' dir='ltr'><strong>quis</strong></span> <span class='ocrx_word' id='word_1_118' title='bbox 1106 2111 1275 2166; x_wconf 82' lang='lat' dir='ltr'><strong>extraneus</strong></span> <span class='ocrx_word' id='word_1_119' title='bbox 1290 2117 1371 2182; x_wconf 57' lang='lat' dir='ltr'><strong>pos*</strong></span> 
     </span>
     <span class='ocr_line' id='line_1_16' title="bbox 330 2206 1372 2289; baseline -0.003 -16"><span class='ocrx_word' id='word_1_120' title='bbox 330 2208 499 2274; x_wconf 84' lang='lat' dir='ltr'><strong>tessionem</strong></span> <span class='ocrx_word' id='word_1_121' title='bbox 517 2206 637 2270; x_wconf 87' lang='lat' dir='ltr'><strong>iliarum</strong></span> <span class='ocrx_word' id='word_1_122' title='bbox 658 2223 810 2288; x_wconf 87' lang='lat' dir='ltr'><strong>usurpare</strong></span> <span class='ocrx_word' id='word_1_123' title='bbox 831 2208 920 2286; x_wconf 85' lang='lat' dir='ltr'><strong>vetit,</strong></span> <span class='ocrx_word' id='word_1_124' title='bbox 941 2210 1080 2289; x_wconf 87' lang='lat' dir='ltr'><strong>personis</strong></span> <span class='ocrx_word' id='word_1_125' title='bbox 1103 2207 1223 2270; x_wconf 79' lang='lat' dir='ltr'><strong>iliarum</strong></span> <span class='ocrx_word' id='word_1_126' title='bbox 1239 2221 1372 2288; x_wconf 85' lang='lat' dir='ltr'><strong>posses·</strong></span> 
     </span>
     <span class='ocr_line' id='line_1_17' title="bbox 329 2310 1375 2393; baseline -0.004 -17"><span class='ocrx_word' id='word_1_127' title='bbox 329 2312 454 2376; x_wconf 82' lang='lat' dir='ltr'><strong>sonibus</strong></span> <span class='ocrx_word' id='word_1_128' title='bbox 473 2311 614 2393; x_wconf 85' lang='lat' dir='ltr'><strong>injuriam</strong></span> <span class='ocrx_word' id='word_1_129' title='bbox 633 2310 752 2374; x_wconf 83' lang='lat' dir='ltr'><strong>inferro</strong></span> <span class='ocrx_word' id='word_1_130' title='bbox 769 2312 915 2377; x_wconf 89' lang='lat' dir='ltr'><strong>dieendus</strong></span> <span class='ocrx_word' id='word_1_131' title='bbox 934 2314 984 2376; x_wconf 87' lang='lat' dir='ltr'><strong>sit</strong></span> <span class='ocrx_word' id='word_1_132' title='bbox 1021 2313 1105 2376; x_wconf 84' lang='lat' dir='ltr'><strong>Haeo</strong></span> <span class='ocrx_word' id='word_1_133' title='bbox 1130 2313 1209 2377; x_wconf 84' lang='lat' dir='ltr'><strong>saeta</strong></span> <span class='ocrx_word' id='word_1_134' title='bbox 1232 2319 1317 2389; x_wconf 89' lang='lat' dir='ltr'><strong>sunt,</strong></span> <span class='ocrx_word' id='word_1_135' title='bbox 1340 2317 1375 2374; x_wconf 92' lang='lat' dir='ltr'><strong>ut</strong></span> 
     </span>
     <span class='ocr_line' id='line_1_18' title="bbox 326 2417 1374 2500; baseline -0.003 -20"><span class='ocrx_word' id='word_1_136' title='bbox 326 2417 540 2500; x_wconf 66' lang='lat' dir='ltr'><strong>jamdiximuq</strong></span> <span class='ocrx_word' id='word_1_137' title='bbox 554 2417 776 2492; x_wconf 79' lang='lat' dir='ltr'><strong>primos-erum</strong></span> <span class='ocrx_word' id='word_1_138' title='bbox 791 2420 908 2480; x_wconf 70' lang='lat' dir='ltr'><strong>audita</strong></span> <span class='ocrx_word' id='word_1_139' title='bbox 923 2418 1090 2495; x_wconf 73' lang='lat' dir='ltr'><strong>oeaeparto</strong></span> <span class='ocrx_word' id='word_1_140' title='bbox 1105 2425 1137 2480; x_wconf 85' lang='lat' dir='ltr'><strong>et</strong></span> <span class='ocrx_word' id='word_1_141' title='bbox 1150 2435 1255 2480; x_wconf 86' lang='lat' dir='ltr'><strong>rarum</strong></span> <span class='ocrx_word' id='word_1_142' title='bbox 1272 2433 1374 2478; x_wconf 83' lang='lat' dir='ltr'><strong>oneu-</strong></span> 
     </span>
     <span class='ocr_line' id='line_1_19' title="bbox 330 2521 1373 2605; baseline -0.003 -19"><span class='ocrx_word' id='word_1_143' title='bbox 330 2529 468 2605; x_wconf 83' lang='lat' dir='ltr'><strong>pataruau</strong></span> <span class='ocrx_word' id='word_1_144' title='bbox 490 2523 625 2584; x_wconf 83' lang='lat' dir='ltr'><strong>motatio</strong></span> <span class='ocrx_word' id='word_1_145' title='bbox 645 2539 703 2585; x_wconf 85' lang='lat' dir='ltr'><strong>sou</strong></span> <span class='ocrx_word' id='word_1_146' title='bbox 723 2523 966 2598; x_wconf 71' lang='lat' dir='ltr'><strong>naassonnarto</strong></span> <span class='ocrx_word' id='word_1_147' title='bbox 987 2522 1157 2588; x_wconf 87' lang='lat' dir='ltr'><strong>industriae</strong></span> <span class='ocrx_word' id='word_1_148' title='bbox 1176 2521 1287 2584; x_wconf 81' lang='lat' dir='ltr'><strong>inillis</strong></span> <span class='ocrx_word' id='word_1_149' title='bbox 1310 2521 1373 2584; x_wconf 81' lang='lat' dir='ltr'><strong>inu·-</strong></span> 
     </span>
     <span class='ocr_line' id='line_1_20' title="bbox 315 2624 1374 2710; baseline -0.001 -21"><span class='ocrx_word' id='word_1_150' title='bbox 315 2644 446 2708; x_wconf 85' lang='lat' dir='ltr'><strong>psusae</strong></span> <span class='ocrx_word' id='word_1_151' title='bbox 464 2645 525 2708; x_wconf 88' lang='lat' dir='ltr'><strong>ope</strong></span> <span class='ocrx_word' id='word_1_152' title='bbox 545 2626 583 2690; x_wconf 87' lang='lat' dir='ltr'><strong>ab</strong></span> <span class='ocrx_word' id='word_1_153' title='bbox 603 2644 709 2690; x_wconf 80' lang='lat' dir='ltr'><strong>aarum</strong></span> <span class='ocrx_word' id='word_1_154' title='bbox 729 2645 914 2710; x_wconf 88' lang='lat' dir='ltr'><strong>possessore</strong></span> <span class='ocrx_word' id='word_1_155' title='bbox 934 2626 1051 2690; x_wconf 81' lang='lat' dir='ltr'><strong>edecta.</strong></span> <span class='ocrx_word' id='word_1_156' title='bbox 1090 2625 1302 2709; x_wconf 84' lang='lat' dir='ltr'><strong>Ooeupatione</strong></span> <span class='ocrx_word' id='word_1_157' title='bbox 1322 2624 1374 2688; x_wconf 88' lang='lat' dir='ltr'><strong>ilia</strong></span> 
     </span>
     <span class='ocr_line' id='line_1_21' title="bbox 331 2730 1373 2813; baseline -0.002 -19"><span class='ocrx_word' id='word_1_158' title='bbox 331 2732 567 2807; x_wconf 56' lang='lat' dir='ltr'><strong>trudonem,</strong></span> <span class='ocrx_word' id='word_1_159' title='bbox 587 2730 671 2813; x_wconf 89' lang='lat' dir='ltr'><strong>quod</strong></span> <span class='ocrx_word' id='word_1_160' title='bbox 690 2741 817 2812; x_wconf 78' lang='lat' dir='ltr'><strong>uocant,</strong></span> <span class='ocrx_word' id='word_1_161' title='bbox 836 2734 882 2796; x_wconf 86' lang='lat' dir='ltr'><strong>rei</strong></span> <span class='ocrx_word' id='word_1_162' title='bbox 905 2733 1169 2797; x_wconf 80' lang='lat' dir='ltr'><strong>transformatione</strong></span> <span class='ocrx_word' id='word_1_163' title='bbox 1183 2737 1373 2808; x_wconf 77' lang='lat' dir='ltr'><strong>perpetuom</strong></span> 
     </span>
     <span class='ocr_line' id='line_1_22' title="bbox 330 2835 1374 2918; baseline -0.003 -18"><span class='ocrx_word' id='word_1_164' title='bbox 330 2837 449 2918; x_wconf 78' lang='lat' dir='ltr'><strong>anquiri</strong></span> <span class='ocrx_word' id='word_1_165' title='bbox 462 2836 628 2900; x_wconf 85' lang='lat' dir='ltr'><strong>dominium</strong></span> <span class='ocrx_word' id='word_1_166' title='bbox 644 2837 840 2901; x_wconf 80' lang='lat' dir='ltr'><strong>contendunt</strong></span> <span class='ocrx_word' id='word_1_167' title='bbox 864 2838 991 2901; x_wconf 86' lang='lat' dir='ltr'><strong>Primum</strong></span> <span class='ocrx_word' id='word_1_168' title='bbox 1002 2857 1067 2902; x_wconf 84' lang='lat' dir='ltr'><strong>rern</strong></span> <span class='ocrx_word' id='word_1_169' title='bbox 1083 2835 1196 2900; x_wconf 86' lang='lat' dir='ltr'><strong>nuliius</strong></span> <span class='ocrx_word' id='word_1_170' title='bbox 1212 2851 1374 2917; x_wconf 77' lang='lat' dir='ltr'><strong>occupan-</strong></span> 
     </span>
     <span class='ocr_line' id='line_1_23' title="bbox 284 2925 1374 3025; baseline -0.002 -21"><span class='ocrx_word' id='word_1_171' title='bbox 284 2925 289 2934; x_wconf 67' lang='grc'>’</span> <span class='ocrx_word' id='word_1_172' title='bbox 327 2947 393 3004; x_wconf 83' lang='lat' dir='ltr'><strong>tenu</strong></span> <span class='ocrx_word' id='word_1_173' title='bbox 407 2942 477 3024; x_wconf 86' lang='lat' dir='ltr'><strong>ejus</strong></span> <span class='ocrx_word' id='word_1_174' title='bbox 491 2940 644 3004; x_wconf 85' lang='lat' dir='ltr'><strong>dominum</strong></span> <span class='ocrx_word' id='word_1_175' title='bbox 654 2941 722 3004; x_wconf 83' lang='lat' dir='ltr'><strong>beri</strong></span> <span class='ocrx_word' id='word_1_176' title='bbox 733 2943 827 3025; x_wconf 82' lang='lat' dir='ltr'><strong>vulgo</strong></span> <span class='ocrx_word' id='word_1_177' title='bbox 837 2942 896 3006; x_wconf 85' lang='lat' dir='ltr'><strong>boe</strong></span> <span class='ocrx_word' id='word_1_178' title='bbox 906 2940 995 3006; x_wconf 85' lang='lat' dir='ltr'><strong>modo</strong></span> <span class='ocrx_word' id='word_1_179' title='bbox 1006 2941 1224 3006; x_wconf 87' lang='lat' dir='ltr'><strong>ratiocinantes</strong></span> <span class='ocrx_word' id='word_1_180' title='bbox 1240 2937 1374 3002; x_wconf 80' lang='lat' dir='ltr'><strong>demon-</strong></span> 
     </span>
     <span class='ocr_line' id='line_1_24' title="bbox 330 3044 1374 3129; baseline -0.004 -19"><span class='ocrx_word' id='word_1_181' title='bbox 330 3053 432 3110; x_wconf 84' lang='lat' dir='ltr'><strong>strare</strong></span> <span class='ocrx_word' id='word_1_182' title='bbox 446 3045 583 3124; x_wconf 86' lang='lat' dir='ltr'><strong>student,</strong></span> <span class='ocrx_word' id='word_1_183' title='bbox 603 3053 639 3108; x_wconf 94' lang='lat' dir='ltr'><strong>ut</strong></span> <span class='ocrx_word' id='word_1_184' title='bbox 658 3046 773 3126; x_wconf 83' lang='lat' dir='ltr'><strong>disant,</strong></span> <span class='ocrx_word' id='word_1_185' title='bbox 793 3065 846 3110; x_wconf 85' lang='lat' dir='ltr'><strong>res</strong></span> <span class='ocrx_word' id='word_1_186' title='bbox 863 3056 1007 3111; x_wconf 84' lang='lat' dir='ltr'><strong>externas</strong></span> <span class='ocrx_word' id='word_1_187' title='bbox 1023 3044 1192 3128; x_wconf 81' lang='lat' dir='ltr'><strong>occupandi</strong></span> <span class='ocrx_word' id='word_1_188' title='bbox 1204 3047 1257 3129; x_wconf 89' lang='lat' dir='ltr'><strong>jus</strong></span> <span class='ocrx_word' id='word_1_189' title='bbox 1273 3059 1374 3125; x_wconf 86' lang='lat' dir='ltr'><strong>aeque</strong></span> 
     </span>
     <span class='ocr_line' id='line_1_25' title="bbox 329 3149 1374 3233; baseline -0.001 -21"><span class='ocrx_word' id='word_1_190' title='bbox 329 3149 471 3212; x_wconf 74' lang='lat' dir='ltr'><strong>omuibus</strong></span> <span class='ocrx_word' id='word_1_191' title='bbox 486 3156 674 3230; x_wconf 83' lang='lat' dir='ltr'><strong>competere,</strong></span> <span class='ocrx_word' id='word_1_192' title='bbox 689 3152 739 3232; x_wconf 90' lang='lat' dir='ltr'><strong>qui</strong></span> <span class='ocrx_word' id='word_1_193' title='bbox 754 3152 842 3233; x_wconf 90' lang='lat' dir='ltr'><strong>prior</strong></span> <span class='ocrx_word' id='word_1_194' title='bbox 861 3169 925 3214; x_wconf 85' lang='lat' dir='ltr'><strong>rem</strong></span> <span class='ocrx_word' id='word_1_195' title='bbox 944 3159 1086 3233; x_wconf 63' lang='lat' dir='ltr'><strong>ooeupd,</strong></span> <span class='ocrx_word' id='word_1_196' title='bbox 1102 3167 1170 3213; x_wconf 85' lang='lat' dir='ltr'><strong>eam</strong></span> <span class='ocrx_word' id='word_1_197' title='bbox 1182 3153 1256 3233; x_wconf 88' lang='lat' dir='ltr'><strong>jure</strong></span> <span class='ocrx_word' id='word_1_198' title='bbox 1273 3164 1374 3212; x_wconf 78' lang='lat' dir='ltr'><strong>oceu-</strong></span> 
     </span>
     <span class='ocr_line' id='line_1_26' title="bbox 331 3253 1373 3339; baseline 0.001 -24"><span class='ocrx_word' id='word_1_199' title='bbox 331 3259 514 3335; x_wconf 76' lang='lat' dir='ltr'><strong>pereatque</strong></span> <span class='ocrx_word' id='word_1_200' title='bbox 529 3261 653 3331; x_wconf 59' lang='lat' dir='ltr'><strong>tenum</strong></span> <span class='ocrx_word' id='word_1_201' title='bbox 670 3273 741 3318; x_wconf 88' lang='lat' dir='ltr'><strong>esse</strong></span> <span class='ocrx_word' id='word_1_202' title='bbox 752 3256 1004 3339; x_wconf 82' lang='lat' dir='ltr'><strong>igiturinjuriam,</strong></span> <span class='ocrx_word' id='word_1_203' title='bbox 1015 3255 1095 3318; x_wconf 86' lang='lat' dir='ltr'><strong>iiiam</strong></span> <span class='ocrx_word' id='word_1_204' title='bbox 1112 3271 1178 3317; x_wconf 87' lang='lat' dir='ltr'><strong>rom</strong></span> <span class='ocrx_word' id='word_1_205' title='bbox 1195 3255 1225 3317; x_wconf 88' lang='lat' dir='ltr'><strong>oi</strong></span> <span class='ocrx_word' id='word_1_206' title='bbox 1236 3253 1373 3336; x_wconf 86' lang='lat' dir='ltr'><strong>eripere,</strong></span> 
     </span>
    </p>
   </div>
   <div class='ocr_carea' id='block_1_3' title="bbox 331 3358 1376 3757">
    <p class='ocr_par' dir='ltr' id='par_1_5' title="bbox 331 3358 1208 3442">
     <span class='ocr_line' id='line_1_27' title="bbox 331 3358 1208 3442; baseline -0.002 -20"><span class='ocrx_word' id='word_1_207' title='bbox 331 3375 401 3422; x_wconf 78' lang='lat' dir='ltr'><strong>utar</strong></span> <span class='ocrx_word' id='word_1_208' title='bbox 416 3358 538 3420; x_wconf 88' lang='lat' dir='ltr'><strong>nonnisi</strong></span> <span class='ocrx_word' id='word_1_209' title='bbox 553 3360 584 3421; x_wconf 81' lang='lat' dir='ltr'><strong>vi</strong></span> <span class='ocrx_word' id='word_1_210' title='bbox 600 3361 667 3442; x_wconf 87' lang='lat' dir='ltr'><strong>ejus</strong></span> <span class='ocrx_word' id='word_1_211' title='bbox 682 3377 835 3440; x_wconf 86' lang='lat' dir='ltr'><strong>personae</strong></span> <span class='ocrx_word' id='word_1_212' title='bbox 851 3359 932 3424; x_wconf 90' lang='lat' dir='ltr'><strong>illata</strong></span> <span class='ocrx_word' id='word_1_213' title='bbox 948 3361 1007 3424; x_wconf 87' lang='lat' dir='ltr'><strong>boo</strong></span> <span class='ocrx_word' id='word_1_214' title='bbox 1023 3359 1089 3422; x_wconf 84' lang='lat' dir='ltr'><strong>ieri</strong></span> <span class='ocrx_word' id='word_1_215' title='bbox 1105 3369 1208 3442; x_wconf 89' lang='lat' dir='ltr'><strong>posse.</strong></span> 
     </span>
    </p>

    <p class='ocr_par' dir='ltr' id='par_1_6' title="bbox 333 3462 1376 3757">
     <span class='ocr_line' id='line_1_28' title="bbox 399 3462 1372 3546; baseline 0.001 -21"><span class='ocrx_word' id='word_1_216' title='bbox 399 3462 517 3538; x_wconf 83' lang='lat' dir='ltr'><strong>Quodsi</strong></span> <span class='ocrx_word' id='word_1_217' title='bbox 537 3464 653 3545; x_wconf 83' lang='lat' dir='ltr'><strong>primus</strong></span> <span class='ocrx_word' id='word_1_218' title='bbox 673 3483 831 3546; x_wconf 88' lang='lat' dir='ltr'><strong>oooupans</strong></span> <span class='ocrx_word' id='word_1_219' title='bbox 853 3465 934 3530; x_wconf 85' lang='lat' dir='ltr'><strong>iiiam</strong></span> <span class='ocrx_word' id='word_1_220' title='bbox 948 3464 1110 3546; x_wconf 86' lang='lat' dir='ltr'><strong>possidere</strong></span> <span class='ocrx_word' id='word_1_221' title='bbox 1131 3463 1280 3543; x_wconf 83' lang='lat' dir='ltr'><strong>desierit,</strong></span> <span class='ocrx_word' id='word_1_222' title='bbox 1304 3481 1372 3526; x_wconf 78' lang='lat' dir='ltr'><strong>rann</strong></span> 
     </span>
     <span class='ocr_line' id='line_1_29' title="bbox 333 3566 1376 3653; baseline -0.001 -21"><span class='ocrx_word' id='word_1_223' title='bbox 333 3566 437 3632; x_wconf 89' lang='lat' dir='ltr'><strong>denuo</strong></span> <span class='ocrx_word' id='word_1_224' title='bbox 456 3568 569 3631; x_wconf 85' lang='lat' dir='ltr'><strong>nullius</strong></span> <span class='ocrx_word' id='word_1_225' title='bbox 593 3586 664 3632; x_wconf 88' lang='lat' dir='ltr'><strong>esso</strong></span> <span class='ocrx_word' id='word_1_226' title='bbox 685 3570 857 3650; x_wconf 84' lang='lat' dir='ltr'><strong>iterumque</strong></span> <span class='ocrx_word' id='word_1_227' title='bbox 877 3590 893 3634; x_wconf 90' lang='lat' dir='ltr'><strong>a</strong></span> <span class='ocrx_word' id='word_1_228' title='bbox 914 3587 1098 3652; x_wconf 83' lang='lat' dir='ltr'><strong>quoeunque</strong></span> <span class='ocrx_word' id='word_1_229' title='bbox 1123 3571 1197 3653; x_wconf 87' lang='lat' dir='ltr'><strong>jure</strong></span> <span class='ocrx_word' id='word_1_230' title='bbox 1224 3567 1376 3650; x_wconf 78' lang='lat' dir='ltr'><strong>occupari</strong></span> 
     </span>
     <span class='ocr_line' id='line_1_30' title="bbox 333 3672 1375 3757; baseline 0.001 -22"><span class='ocrx_word' id='word_1_231' title='bbox 333 3689 436 3754; x_wconf 82' lang='lat' dir='ltr'><strong>posse.</strong></span> <span class='ocrx_word' id='word_1_232' title='bbox 456 3673 521 3736; x_wconf 85' lang='lat' dir='ltr'><strong>Hoo</strong></span> <span class='ocrx_word' id='word_1_233' title='bbox 537 3672 605 3736; x_wconf 84' lang='lat' dir='ltr'><strong>beri</strong></span> <span class='ocrx_word' id='word_1_234' title='bbox 619 3690 701 3736; x_wconf 88' lang='lat' dir='ltr'><strong>novo</strong></span> <span class='ocrx_word' id='word_1_235' title='bbox 713 3675 904 3755; x_wconf 83' lang='lat' dir='ltr'><strong>possessoris</strong></span> <span class='ocrx_word' id='word_1_236' title='bbox 913 3681 983 3738; x_wconf 86' lang='lat' dir='ltr'><strong>actu</strong></span> <span class='ocrx_word' id='word_1_237' title='bbox 998 3682 1099 3738; x_wconf 87' lang='lat' dir='ltr'><strong>tamen</strong></span> <span class='ocrx_word' id='word_1_238' title='bbox 1115 3672 1254 3757; x_wconf 85' lang='lat' dir='ltr'><strong>impediri</strong></span> <span class='ocrx_word' id='word_1_239' title='bbox 1269 3690 1375 3756; x_wconf 81' lang='lat' dir='ltr'><strong>posse,</strong></span> 
     </span>
    </p>
   </div>
   <div class='ocr_carea' id='block_1_4' title="bbox 389 3838 1377 3912">
    <p class='ocr_par' dir='ltr' id='par_1_7' title="bbox 389 3838 1377 3912">
     <span class='ocr_line' id='line_1_31' title="bbox 389 3838 1377 3912; baseline 0.01 -24"><span class='ocrx_word' id='word_1_240' title='bbox 389 3838 413 3904; x_wconf 92' lang='lat' dir='ltr'><strong>l)</strong></span> <span class='ocrx_word' id='word_1_241' title='bbox 432 3840 636 3894; x_wconf 84' lang='lat' dir='ltr'><strong>Famoaissimus</strong></span> <span class='ocrx_word' id='word_1_242' title='bbox 649 3845 718 3896; x_wconf 87' lang='lat' dir='ltr'><strong>inter</strong></span> <span class='ocrx_word' id='word_1_243' title='bbox 729 3844 779 3897; x_wconf 87' lang='lat' dir='ltr'><strong>hos</strong></span> <span class='ocrx_word' id='word_1_244' title='bbox 791 3844 878 3912; x_wconf 84' lang='lat' dir='ltr'><strong>plebis</strong></span> <span class='ocrx_word' id='word_1_245' title='bbox 895 3859 1003 3896; x_wconf 87' lang='lat' dir='ltr'><strong>oausam</strong></span> <span class='ocrx_word' id='word_1_246' title='bbox 1018 3851 1128 3912; x_wconf 83' lang='lat' dir='ltr'><strong>agentes</strong></span> <span class='ocrx_word' id='word_1_247' title='bbox 1146 3847 1377 3898; x_wconf 85' lang='lat' dir='ltr'><strong>Proudhonius</strong></span> 
     </span>
    </p>
   </div>
   <div class='ocr_carea' id='block_1_5' title="bbox 199 3922 1376 3996">
    <p class='ocr_par' dir='ltr' id='par_1_8' title="bbox 199 3922 1376 3996">
     <span class='ocr_line' id='line_1_32' title="bbox 199 3922 1376 3996; baseline 0.009 -23"><span class='ocrx_word' id='word_1_248' title='bbox 199 3955 207 3965; x_wconf 83' lang='lat'><strong>·</strong></span> <span class='ocrx_word' id='word_1_249' title='bbox 334 3922 395 3974; x_wconf 87' lang='lat' dir='ltr'><strong>inde</strong></span> <span class='ocrx_word' id='word_1_250' title='bbox 406 3927 560 3993; x_wconf 84' lang='lat' dir='ltr'><strong>paradoxon</strong></span> <span class='ocrx_word' id='word_1_251' title='bbox 573 3929 640 3980; x_wconf 89' lang='lat' dir='ltr'><strong>illud</strong></span> <span class='ocrx_word' id='word_1_252' title='bbox 652 3931 746 3981; x_wconf 85' lang='lat' dir='ltr'><strong>edixit:</strong></span> <span class='ocrx_word' id='word_1_253' title='bbox 765 3930 792 3981; x_wconf 78' lang='lat' dir='ltr'><strong>lo</strong></span> <span class='ocrx_word' id='word_1_254' title='bbox 805 3928 941 3996; x_wconf 69' lang='lat' dir='ltr'><strong>propriata</strong></span> <span class='ocrx_word' id='word_1_255' title='bbox 956 3931 1013 3982; x_wconf 85' lang='lat' dir='ltr'><strong>o’eat</strong></span> <span class='ocrx_word' id='word_1_256' title='bbox 1030 3931 1052 3983; x_wconf 81' lang='lat' dir='ltr'><strong>le</strong></span> <span class='ocrx_word' id='word_1_257' title='bbox 1070 3931 1118 3984; x_wconf 85' lang='lat' dir='ltr'><strong>ool.</strong></span> <span class='ocrx_word' id='word_1_258' title='bbox 1142 3934 1205 3984; x_wconf 81' lang='lat' dir='ltr'><strong>Jam</strong></span> <span class='ocrx_word' id='word_1_259' title='bbox 1222 3933 1317 3988; x_wconf 85' lang='lat' dir='ltr'><strong>multis</strong></span> <span class='ocrx_word' id='word_1_260' title='bbox 1331 3933 1376 3984; x_wconf 85' lang='lat' dir='ltr'><strong>ab·</strong></span> 
     </span>
    </p>
   </div>
   <div class='ocr_carea' id='block_1_6' title="bbox 333 4007 1378 4239">
    <p class='ocr_par' dir='ltr' id='par_1_9' title="bbox 333 4007 1378 4239">
     <span class='ocr_line' id='line_1_33' title="bbox 333 4007 1378 4085; baseline 0.009 -24"><span class='ocrx_word' id='word_1_261' title='bbox 333 4007 397 4062; x_wconf 81' lang='lat' dir='ltr'><strong>bino</strong></span> <span class='ocrx_word' id='word_1_262' title='bbox 410 4015 486 4064; x_wconf 87' lang='lat' dir='ltr'><strong>annia</strong></span> <span class='ocrx_word' id='word_1_263' title='bbox 498 4015 573 4065; x_wconf 82' lang='lat' dir='ltr'><strong>fuera</strong></span> <span class='ocrx_word' id='word_1_264' title='bbox 586 4017 631 4081; x_wconf 91' lang='lat' dir='ltr'><strong>qui</strong></span> <span class='ocrx_word' id='word_1_265' title='bbox 645 4015 777 4081; x_wconf 84' lang='lat' dir='ltr'><strong>dixerunt,</strong></span> <span class='ocrx_word' id='word_1_266' title='bbox 797 4017 907 4069; x_wconf 89' lang='lat' dir='ltr'><strong>dominii</strong></span> <span class='ocrx_word' id='word_1_267' title='bbox 922 4019 1021 4084; x_wconf 84' lang='lat' dir='ltr'><strong>privati</strong></span> <span class='ocrx_word' id='word_1_268' title='bbox 1040 4021 1232 4072; x_wconf 85' lang='lat' dir='ltr'><strong>constitutione</strong></span> <span class='ocrx_word' id='word_1_269' title='bbox 1252 4021 1378 4085; x_wconf 82' lang='lat' dir='ltr'><strong>injuriam</strong></span> 
     </span>
     <span class='ocr_line' id='line_1_34' title="bbox 333 4098 1377 4239; baseline 0.007 -87"><span class='ocrx_word' id='word_1_270' title='bbox 333 4098 666 4239; x_wconf 46' lang='lat' dir='ltr'><strong>aereinffistlpsgassutpote</strong></span> <span class='ocrx_word' id='word_1_271' title='bbox 687 4103 798 4166; x_wconf 80' lang='lat' dir='ltr'><strong>dominii</strong></span> <span class='ocrx_word' id='word_1_272' title='bbox 817 4107 875 4172; x_wconf 87' lang='lat' dir='ltr'><strong>jam</strong></span> <span class='ocrx_word' id='word_1_273' title='bbox 896 4105 1031 4172; x_wconf 84' lang='lat' dir='ltr'><strong>prioribus</strong></span> <span class='ocrx_word' id='word_1_274' title='bbox 1053 4107 1191 4160; x_wconf 86' lang='lat' dir='ltr'><strong>distributi</strong></span> <span class='ocrx_word' id='word_1_275' title='bbox 1210 4107 1377 4177; x_wconf 84' lang='lat' dir='ltr'><strong>expertibus.</strong></span> 
     </span>
    </p>
   </div>
   <div class='ocr_carea' id='block_1_7' title="bbox 0 0 1578 5292">
    <p class='ocr_par' dir='ltr' id='par_1_10' title="bbox 0 0 1578 5292">
     <span class='ocr_line' id='line_1_35' title="bbox 0 0 1578 5292; baseline 0 0"><span class='ocrx_word' id='word_1_276' title='bbox 0 0 1578 5292; x_wconf 95' lang='lat' dir='ltr'><strong> </strong></span> 
     </span>
    </p>
   </div>
  </div>
 </body>
</html>
