3109 5292
624 563 685 630 111
712 571 717 580 “

71 755 75 759 ’
176 744 374 827 ejua'catenn
388 752 448 809 tam
461 744 596 825 scriptis,
610 762 698 826 quum
715 742 902 807 umbonibus
918 760 1021 807 coram
1034 742 1147 825 populu
1160 740 1221 807 ba·
1269 774 1274 785 ·

178 848 249 913 bitis
264 849 479 913 commendare
495 850 605 931 coepit
642 848 762 913 &mma
787 866 892 912 eorum
914 847 1095 930 placitorum
1111 866 1154 912 ec
1165 866 1223 911 re·-

174 951 241 1032 dit,
262 962 297 1017 nt
327 954 489 1032 suadeant,
511 955 632 1018 urbium
658 962 691 1017 et
714 956 853 1020 vicorum
875 954 945 1017 loco
965 955 1113 1018 immensa
1140 956 1224 1018 vitae

176 1060 349 1127 communis
363 1060 504 1143 agendae
520 1058 916 1139 eausacondereaedibcia,
926 1078 1004 1141 quae
1015 1058 1223 1123 Pbulansteria

177 1164 424 1245 appellaverunt,
450 1163 560 1228 studiis
581 1172 614 1227 et
633 1166 738 1246 operis
763 1166 845 1228 inter
869 1182 976 1227 omnes
996 1182 1077 1229 nava
1103 1180 1223 1227 aenan

180 1268 280 1333 miuus
293 1270 360 1333 utili
374 1288 465 1351 quum
480 1270 620 1333 omnibus
636 1270 809 1352 gratissima
823 1271 941 1333 ratione
958 1268 1110 1333 distractis
1127 1276 1157 1331 et
1172 1269 1223 1331 in·

178 1372 318 1440 dustriae
332 1368 632 1457 genere-unicuique
648 1376 777 1456 propriu
793 1376 823 1437 ei
839 1376 1003 1458 assignato,
1020 1392 1117 1457 agros
1134 1388 1223 1438 conr-

177 1477 312 1548 maniter
328 1479 434 1543 colere
448 1496 617 1561 omnesque
632 1487 715 1543 artes
726 1486 759 1543 et
772 1478 893 1561 opificia
910 1480 1110 1543 communiter
1126 1494 1223 1541 ener-

179 1600 268 1661 ωτι,
286 1592 318 1647 et
333 1584 420 1649 lucra
434 1584 507 1647 inde
521 1585 630 1649 mirum
646 1585 677 1646 in
692 1584 814 1647 modum
831 1591 918 1647 aucta
932 1584 974 1646 ita
990 1584 1072 1647 inter
1086 1582 1224 1666 ejusdem

180 1688 242 1754 laci
255 1690 373 1753 incolas
386 1688 541 1769 dividere,
563 1698 598 1752 ut
616 1688 813 1772 praediorum
833 1688 999 1751 aliarumve
1020 1706 1124 1753 rerum
1144 1705 1223 1771 pos·

179 1794 356 1859 sessoribus
371 1794 515 1875 quinque,
524 1786 676 1876 operariis
690 1802 820 1876 quatuor
830 1800 862 1857 et
872 1792 1039 1857 artificibus
1054 1780 1105 1857 aut
1120 1809 1224 1857 rernm

181 1898 388 1983 pacatarum
412 1899 656 1963 moderatoribus
681 1909 745 1963 tres
765 1899 874 1963 urticae
896 1897 1100 1961 solverentur.
1130 1894 1225 1961 Gom·-

181 2005 339 2069 murinus.
348 2005 514 2086 sumptibus
530 2006 646 2068 liberos
661 2003 851 2083 educandos,
872 2020 963 2067 senes
979 2010 1011 2065 et
1025 2002 1158 2067 moribus
1174 2002 1224 2065 in-

181 2109 370 2195 sanabilibus
382 2109 558 2173 laborantes
573 2108 699 2173 alendos
713 2126 917 2191 proposuere.
932 2106 995 2171 Sed
1012 2115 1043 2170 et
1056 2106 1224 2169 luorumri-

182 2231 287 2281 rorum
302 2213 483 2279 carnatibus
498 2212 608 2293 defuit,
623 2222 768 2292 eventus,
783 2212 1033 2296 quemadmodum
1048 2230 1107 2273 nec
1122 2228 1224 2293 expa-

114 2328 120 2340 '
180 2320 318 2386 rimentur
341 2320 389 2384 rei
410 2321 623 2400 quaestuariae
647 2318 874 2402 promovendae
898 2334 990 2381 eausa
1013 2317 1045 2378 in
1065 2314 1179 2399 Anglia
1194 2322 1225 2377 et

182 2426 218 2490 ln
235 2422 401 2489 Americae
423 2424 530 2488 liberis
551 2424 725 2487 civitatibus
740 2424 779 2488 ab
800 2424 925 2485 demuto
940 2423 1071 2485 tentatis.
1109 2418 1151 2483 At
1161 2421 1225 2503 jam

181 2529 302 2593 saeculi
315 2529 419 2593 studia
426 2544 466 2593 ea
480 2527 580 2607 luere,
595 2536 629 2591 ut
641 2528 763 2611 plurimi
779 2528 947 2610 scriptores
963 2534 1015 2589 aut
1032 2524 1224 2607 politicarum

179 2632 350 2710 ‚lactionum
365 2634 528 2715 principes
548 2634 580 2696 in
599 2632 819 2697 emendandam
841 2648 1011 2715 egenorum
1028 2638 1140 2693 sortem
1155 2646 1225 2692 om·

184 2756 254 2803 nem
269 2756 395 2821 eperum
411 2736 634 2819 impenderem,
653 2738 739 2802 varia
759 2738 884 2801 canalia
904 2737 1046 2799 ineuntes
1067 2750 1225 2814 novasque

185 2843 476 2925 rerumpublicarum
499 2841 741 2925 ordinandarum·
755 2843 892 2906 rationes
912 2837 1125 2923 excogitando.
1155 2838 1227 2903 Post

166 2950 275 3032 ¹regui
291 2947 396 3011 Gallici
410 2949 670 3031 perturbationem
686 2944 1026 3012 annollDCCCXLVlll
1042 2945 1226 3026 contingen.-
1262 2922 1267 2935 ⁸

185 3060 246 3119 ten
261 3052 352 3117 nmio
371 3053 522 3135 quaedam
542 3054 673 3118 dominia
693 3056 812 3137 privata
832 3054 953 3136 penitus
975 3048 1108 3115 tollenda
1124 3066 1226 3113 rerum

183 3158 320 3224 emnium
335 3158 455 3224 lructus
469 3159 551 3221 iuter
560 3176 667 3222 omnes
682 3159 851 3241 aequaliter
866 3155 1045 3220 dividendos
1061 3174 1132 3219 esse
1142 3172 1227 3218 uen-

188 3264 259 3342 erit,
269 3264 453 3327 necessitate
462 3264 627 3345 unicuique
640 3263 779 3345 imposita
788 3280 844 3345 pro
860 3262 977 3324 viribus
992 3261 1056 3323 suis
1072 3260 1227 3324 laboribus

188 3377 220 3431 et
243 3371 351 3452 operis
371 3370 564 3451 praestandis
587 3388 659 3435 sese
684 3366 911 3451 adstringendi,
940 3364 1047 3447 quodsi
1076 3364 1143 3427 lieri
1164 3380 1228 3427 ncn

187 3476 299 3558 possit,
322 3474 539 3557 rempublicam
561 3475 693 3559 obligari
713 3474 836 3553 dixere,
861 3481 893 3535 ut
918 3473 983 3555 ipsa
1009 3488 1106 3553 opera
1131 3468 1227 3552 perli-

185 3580 297 3647 eimau
319 3580 482 3663 egentibus
501 3581 627 3644 locaret
664 3580 820 3649 Novarum
840 3578 946 3641 barum
971 3594 1076 3640 rerum
1091 3576 1181 3637 amici
1198 3582 1229 3637 et

187 3683 326 3751 tanum
335 3702 408 3749 sese
418 3685 650 3747 Communistcs
658 3683 874 3765 doctrinasque
886 3699 958 3746 suas
969 3681 1228 3742 Communirnnum

189 3790 428 3871 appellaverunt
471 3790 665 3853 Postulurunt
688 3795 790 3852 autem
814 3804 944 3849 summas
966 3786 1021 3849 has
1044 3782 1229 3867 reipublicae

187 3894 408 3958 conversiones
418 3901 452 3958 nt
464 3893 678 3978 Juredebitas‚
689 3894 829 3975 quoniam
845 3890 1017 3973 locupletes
1031 3888 1229 3973 praediorum

189 4005 221 4061 et
236 3998 408 4063 divitiarum
428 4015 632 4081 possessores
644 3996 724 4060 furta
739 3997 770 4059 in
785 3996 923 4060 homines
939 3996 1038 4078 inopia
1053 3994 1229 4060 laborantes

188 4104 378 4169 commisisse
392 4103 513 4169 dicendi
524 4109 640 4184 essent,
650 4101 764 4185 quippe
779 4100 863 4182 qued
877 4100 977 4165 omnia
991 4100 1082 4180 bona,
1098 4114 1229 4183 quorum
