3109 5292
830 582 877 650 48

335 761 414 821 totis
434 759 559 822 notione
581 759 756 824 exorditur:
788 768 821 822 at
842 760 895 824 ille
919 776 1005 824 suam
1028 758 1124 840 ipsius
1152 757 1375 841 philosophiam

334 862 483 926 tractandi
507 861 655 926 rationem
678 871 804 926 secutus
824 864 999 927 universam
1020 863 1111 944 hujus
1130 861 1308 944 disciplinas
1324 861 1375 924 ia-

335 967 515 1048 clamatque
531 966 662 1032 indolem
679 968 821 1032 immutat
858 967 1028 1048 Praecipua
1049 968 1117 1050 ejus
1137 965 1281 1049 dogmata
1293 966 1373 1035 ¹hacc

334 1070 401 1135 iere
418 1079 496 1134 sunt

399 1176 453 1239 Vis
475 1176 526 1240 illa
550 1177 718 1259 primitiva,
741 1177 801 1241 hoc
825 1185 873 1240 est
898 1175 1027 1238 omnium
1050 1181 1220 1256 quaesunt
1242 1181 1374 1238 munuc

334 1281 514 1362 principium
530 1298 615 1344 muns
631 1290 680 1344 est
695 1290 820 1346 aeterua
835 1297 1012 1359 summaque
1027 1279 1114 1356 ratio,
1138 1296 1220 1359 quae
1235 1286 1267 1340 at
1280 1279 1373 1360 cogi·

334 1385 424 1448 taudo
443 1385 638 1466 creandoque
662 1385 812 1466 duplicem
833 1384 936 1448 muudi
956 1383 1095 1446 ordinem
1117 1383 1285 1461 constituit,
1310 1401 1373 1444 no·

334 1497 428 1552 utrae
453 1483 484 1552 'at
509 1489 633 1552 arrianae
651 1488 695 1568 ¹),
725 1497 896 1570 portatum
920 1505 1020 1570 genus
1042 1487 1205 1553 humanum
1227 1485 1372 1563 dillusac3

333 1592 404 1656 inde
419 1593 554 1657 nascitur
570 1592 683 1673 duplex
699 1611 844 1676 regnum:
860 1593 1071 1667 necessitatis,
1087 1610 1165 1673 quae
1181 1599 1372 1654 sanaturus

218 1787 220 1791 ι
333 1697 468 1778 propria,
478 1715 513 1760 ac
530 1697 844 1776 tttertatts,quueost
857 1714 960 1758 rerum
973 1696 1171 1759 humanarum
1187 1695 1373 1758 constitutio.

399 1799 562 1880 Utrumque
585 1815 683 1882 genus
703 1800 837 1862 aeternis
859 1801 979 1882 legibus
999 1800 1173 1862 continetur
1188 1806 1220 1863 ct
1235 1801 1371 1882 rugitum

333 1902 459 1968 utillud
483 1903 603 1984 quidem
626 1905 678 1981 iis,
704 1921 780 1986 quas
804 1905 954 1980 physicos
979 1905 1182 1986 appellamus,
1209 1904 1270 1966 hoc
1294 1919 1372 1966 vcro

333 2009 442 2070 mentis
461 2008 687 2070 coactionibus.
731 2006 840 2072 Divina
867 2009 960 2086 ratio,
984 2009 1015 2071 in
1045 2007 1174 2090 singulis
1201 2007 1370 2070 horninibus

333 2113 514 2193 conspicua,
538 2113 581 2176 uti
604 2114 761 2185 neamalis
786 2113 836 2176 illa
859 2116 1017 2189 uoluntas,
1043 2130 1122 2193 quae
1138 2112 1266 2193 etipsa,
1287 2107 1370 2191 quod

331 2223 448 2279 rectum
465 2217 513 2293 sit,
529 2217 672 2296 imperat,
693 2216 829 2279 homines
845 2216 966 2279 adducit
981 2216 1019 2279 ad
1034 2217 1111 2280 illud
1126 2204 1276 2279 libertatis
1290 2232 1370 2297 rag·-

332 2333 402 2382 num
425 2317 619 2382 ordinandum
643 2327 675 2381 et
697 2320 930 2402 perficiendum,
952 2322 1181 2402 praecipitque,
1203 2318 1276 2400 quid
1300 2317 1370 2380 lieri

332 2429 384 2486 aut
399 2422 493 2485 omitti
509 2421 626 2502 debeat,
640 2431 673 2486 ut
687 2423 812 2487 moralis
826 2424 878 2487 illc
893 2441 997 2488 rerum
1013 2424 1092 2486 ordo
1105 2431 1256 2487 servetur.
1279 2422 1369 2496 Quo·

326 2519 398 2590 'rum
413 2534 645 2609 praeceptorum
660 2545 775 2590 summa
791 2529 964 2591 continetur
984 2545 1044 2590 uua
1061 2527 1141 2610 juris
1160 2526 1306 2592 naturalis
1320 2525 1369 2588 si·

331 2629 393 2695 mul
408 2637 569 2695 cimorum
586 2629 751 2712 disciplina,
769 2634 858 2715 cujus
874 2634 931 2696 tria
946 2649 1064 2716 genera
1078 2638 1161 2696 sunt:
1181 2649 1274 2694 unum
1289 2647 1369 2712 per·

275 2718 276 2722 ¹
330 2734 405 2797 tinet
420 2735 459 2798 ad
469 2736 557 2806 iuris
573 2739 729 2798 obstructi
746 2735 902 2820 dogmata3
918 2737 1047 2799 alterum
1063 2735 1101 2798 ad
1115 2736 1245 2798 virtutis
1258 2735 1368 2809 alticio

330 2839 555 2918 (Moralitdt),
576 2841 698 2902 tertium
714 2842 844 2922 positum
859 2849 908 2904 est
921 2842 952 2902 iu
967 2841 1048 2903 uitae
1064 2842 1251 2918 communis,
1269 2839 1370 2902 mori-

276 2981 279 2986 ·
329 2941 386 3006 bus
402 2944 576 3022 constituto,
592 2943 699 3005 ordine
714 2944 959 3022 (suadentur).
991 2943 1047 3006 lus
1063 2929 1164 3007 autam
1180 2944 1369 3008 abstractum

329 3044 403 3107 nihil
419 3045 499 3108 uliud
521 3053 584 3126 est,
607 3047 664 3108 uisi
684 3055 785 3110 mutua
801 3049 882 3111 inter
897 3048 1073 3124 mucidum
1095 3047 1193 3110 liltora
1213 3047 1368 3112 voluntate

330 3147 475 3228 praedita,
490 3148 577 3226 ratio,
600 3158 742 3229 quaeest
757 3151 924 3215 intellectui
939 3153 1116 3214 necessario
1131 3150 1262 3232 quodam
1277 3147 1367 3212 modo

330 3251 451 3333 cognita
466 3259 497 3313 et
512 3253 543 3312 in
558 3269 597 3315 eo
613 3253 767 3333 consistit,
790 3263 823 3317 ut
843 3272 903 3336 pro
922 3273 958 3320 sc
973 3257 1102 3336 quisque
1115 3273 1288 3332 persuasum
1302 3254 1321 3315 i.
1336 3271 1364 3315 o.

330 3361 440 3428 extero
463 3354 611 3418 libertatis
630 3358 701 3439 jure
724 3355 877 3421 iuuentem
892 3376 927 3422 se
942 3358 1056 3422 habore
1076 3366 1198 3422 ceteros
1213 3366 1292 3423 vero
1307 3375 1376 3430 ae-.„

329 3475 390 3537 que
407 3474 444 3519 ac
457 3473 607 3538 personas
627 3477 798 3541 agnoscere
819 3470 909 3545 atquc
923 3471 1057 3527 tractare
1072 3463 1183 3526 debeat
1197 3452 1363 3543 solentque

330 3558 404 3624 Cum
420 3569 519 3624 autam
535 3580 624 3624 uerno
647 3562 735 3647 hujus
751 3565 900 3630 libertatis
920 3584 1045 3648 compos
1064 3584 1136 3630 asse
1159 3567 1275 3649 possit,
1299 3567 1365 3629 siue

330 3763 502 3813 181t.1827.
538 3763 710 3814 Lineamcntu
732 3763 870 3816 doctrinae
893 3768 1034 3834 scripsere:
1065 3769 1253 3833 hominist,
1278 3769 1362 3836 philu-

327 3849 420 3915 sophie
445 3849 481 3900 du
505 3850 574 3900 droit
601 3853 677 3900 1830.
695 3852 726 3901 L.
746 3852 792 3902 IV.
812 3853 854 3902 ch.
874 3855 899 3903 3.
936 3853 1059 3904 Barchou
1080 3855 1113 3905 ds
1128 3856 1275 3919 ‚Peuhottm
1299 3857 1361 3907 hist.

327 3933 359 3986 de
384 3935 411 3985 la
431 3935 600 4002 philosophie
623 3935 771 3988 allemands
796 3938 831 4000 lI,
856 3940 1001 3990 113-229.
1037 3940 1196 3992 Examiuata
1217 3942 1267 3992 illa
1288 3949 1362 3995 esta

327 4021 392 4072 viris
411 4021 579 4084 doctissimis,
605 4021 701 4086 Staht,
720 4023 894 4091 Philosophia
911 4023 957 4076 das
969 4025 1067 4076 Rechts
1085 4027 1139 4077 t.1.
1156 4041 1200 4094 pp.
1213 4030 1360 4091 cos-stu,

327 4105 452 4168 Fichte,
470 4106 552 4157 Ethik
569 4108 591 4158 1.
608 4125 634 4174 p.
656 4111 803 4162 ssa-276.

382 4191 407 4264 1)
426 4191 514 4244 Natur
531 4195 586 4246 und
604 4193 682 4249 uua
