3109 5292
676 538 719 608 87

178 717 346 800 wiotum
361 718 443 800 juris
464 717 586 784 uincula
601 718 652 781 uel
668 737 768 784 nexus
785 721 962 789 efficientes.
998 721 1104 790 Omnis
1118 733 1220 790 autem

180 823 326 907 ejusmodi
347 821 543 886 necessitudo
568 830 627 886 tam
647 826 729 898 facti
752 843 841 906 qnam
857 829 944 898 uarie
967 836 1029 908 est,
1053 848 1121 894 nam
1136 830 1219 895 nulla

179 945 252 997 asse
262 935 368 1009 potest
384 927 464 991 inter
479 927 616 990 homines
632 935 734 992 mutua
750 931 845 1010 ratio,
867 932 926 996 nisi
947 950 1029 1013 quae
1050 933 1133 997 tacto
1152 943 1219 998 orta

177 1035 218 1096 sit
232 1037 282 1108 (ᾖ
298 1031 368 1106 52.)
388 1050 448 1094 nec
464 1031 525 1095 nita
541 1051 596 1096 sua
612 1033 678 1114 ipsa
695 1035 724 1096 vi
741 1035 793 1116 jus
815 1036 906 1098 alieni
927 1037 1048 1115 tribuit,
1072 1039 1123 1100 vel
1138 1040 1218 1120 juris

177 1137 301 1209 viuculo
318 1156 388 1200 eum
404 1137 493 1202 alteri
507 1137 684 1220 adstringit,
707 1139 766 1202 nisi
781 1140 864 1220 juris
883 1140 1033 1222 quaedam
1053 1150 1219 1224 praecepta

178 1261 246 1306 cum
264 1259 301 1304 ea
318 1241 469 1323 ejusmodi
482 1242 689 1304 emensitatem
701 1245 895 1326 conjungant,
909 1252 961 1308 ant
971 1247 1023 1327 jus
1039 1246 1162 1326 aliquod
1177 1265 1219 1308 ex

175 1347 229 1412 illo
245 1346 326 1410 facto
347 1355 487 1428 tanquam
504 1364 544 1410 ex
559 1365 615 1411 sua
631 1363 722 1409 causa
738 1349 813 1410 oriri
827 1357 965 1413 statuant
988 1350 1102 1416 Omnes
1117 1359 1219 1416 autem

175 1451 255 1518 inter
270 1450 407 1515 homines
418 1449 671 1528 necessitudines,
675 1451 756 1532 juris
769 1469 869 1515 nexus
877 1455 1049 1536 gignentes,
1065 1458 1218 1528 creatrice

175 1555 311 1638 quadam,
320 1563 353 1620 ut
363 1554 635 1634 dicimus,raticne
645 1556 833 1635 compositae
844 1574 914 1618 esse
925 1558 1025 1620 scient
1037 1567 1068 1620 et
1077 1559 1216 1622 haeccr-

175 1659 362 1725 dinationum
376 1677 503 1738 summa,
514 1659 623 1740 quibus
636 1659 682 1721 vis
699 1677 735 1721 ac
750 1667 857 1722 natura
874 1679 978 1723 earum
994 1661 1144 1741 definitur,
1156 1681 1216 1726 no-

173 1766 297 1829 vissime
313 1767 544 1826 institutionum
563 1763 613 1826 uel
634 1764 854 1824 institutorem
871 1767 956 1835 juris
979 1768 1098 1830 nomine
1116 1769 1216 1831 conti-

173 1872 241 1934 neri
262 1869 341 1933 solet
359 1869 398 1945 ¹).
422 1869 497 1932 Sunt
517 1876 616 1931 autem
640 1886 696 1930 eae
712 1869 799 1950 qnasi
814 1868 933 1933 formae
948 1872 1018 1953 jure
1035 1873 1215 1935 constitutae

172 1976 222 2038 vel
234 1975 420 2056 exemplaria
433 1975 499 2040 sive
516 1971 670 2062 ἀρχέτυπα
685 1974 873 2055 privatarum
894 1975 1143 2056 publicarumque
1159 1994 1215 2038 re·

171 2097 249 2143 rum.
272 2079 345 2142 inde
361 2081 598 2156 matrimonium,
620 2080 715 2161 patria
741 2085 889 2159 potestas,
911 2080 1013 2158 tutela,
1033 2080 1215 2163 Judicicrum

171 2184 260 2263 crdo,
272 2187 352 2268 juris
369 2186 506 2249 instituta
523 2183 674 2247 dicuntur.

239 2289 357 2352 Etenim
380 2289 492 2352 nemini
513 2291 566 2371 jus
590 2289 711 2370 aliquod
728 2299 904 2372 competere
920 2297 1038 2372 potest,
1062 2289 1120 2353 nisi
1144 2296 1212 2354 orto

172 2395 223 2458 vel
248 2394 410 2457 constituto
433 2395 518 2475 prius
541 2393 690 2476 ejusmodi
705 2397 786 2477 juris
806 2396 927 2460 vinculo
950 2395 999 2457 vet
1022 2414 1121 2470 nexn3
1140 2398 1217 2478 jura

171 2499 267 2582 igitur
283 2498 414 2580 exjuris
429 2497 567 2573 vinculo,
591 2516 691 2578 neque
714 2517 790 2561 vero
806 2501 884 2581 juris
904 2499 1058 2562 vinculum
1081 2519 1122 2562 ex
1139 2501 1212 2583 jure

169 2604 260 2668 elicui
276 2605 461 2684 competenti
477 2602 583 2680 oritur,
599 2602 672 2664 licet
689 2610 806 2666 certum
822 2605 871 2682 sit,
887 2603 1016 2667 alterum
1033 2605 1098 2667 sine
1115 2605 1212 2668 attero

170 2727 210 2771 ne
226 2709 357 2792 cogitari
370 2707 489 2790 quidem
504 2725 605 2790 posse.

240 2813 292 2877 65.
317 2811 349 2876 ln
366 2815 447 2877 cnini
459 2815 543 2896 jure,
570 2811 650 2893 quod
675 2813 764 2875 alicui
785 2815 942 2895 competit,
963 2813 1040 2894 quod
1057 2811 1146 2876 hodie
1159 2815 1211 2897 jus

172 2920 202 2982 in
218 2919 388 2988 subiectiro
410 2936 504 2980 sensu
527 2917 673 2999 appellari
696 2917 790 2996 solet,
814 2920 1005 2980 continentur
1027 2920 1158 2980 tttertaa
1181 2925 1212 2980 et

168 3031 322 3104 potestus,
341 3025 480 3105 omnique
497 3024 637 3106 congruit
647 3023 746 3103 aliqua
761 3023 929 3085 necessitas
946 3022 1025 3085 alins
1041 3022 1210 3087 aliorumve

169 3130 355 3195 voluntatem
374 3129 533 3206 ocircens,
551 3145 641 3209 qnam
651 3127 863 3210 Jurisconsnlti
879 3126 1097 3190 saeculiXVili
1112 3128 1210 3190 minus

169 3241 254 3298 recte
272 3235 490 3311 caricationem
506 3241 700 3296 vocaverunt
735 3232 805 3294 tria
820 3233 915 3315 igitur
929 3241 998 3294 sunt
1009 3233 1089 3314 juris
1105 3233 1135 3293 in
1150 3231 1210 3294 hoc

63 3333 72 3354 ¹
168 3355 263 3402 sensu
279 3339 396 3419 accepti
418 3345 578 3416 momenta,
602 3339 774 3411 libertatis,
797 3339 982 3412 potestatis,
1002 3338 1210 3399 necessitatis.

236 3441 274 3505 Α.
292 3445 465 3507 Libertatis
480 3443 526 3504 vis
544 3449 633 3523 atque
649 3449 784 3524 potestas
800 3441 876 3504 haec
893 3448 950 3519 est,
966 3447 999 3503 ut

261 3551 296 3622 a)
319 3549 356 3624 is,
372 3547 410 3609 ad
426 3565 516 3628 quem
528 3549 579 3630 jus
595 3549 736 3629 pertinet,
750 3565 791 3609 ex
806 3547 932 3609 arbitrio
948 3564 1004 3609 sno
1020 3546 1209 3609 constituere

168 3652 386 3735 possit,ntrum
403 3650 665 3732 commodis,quae
682 3669 720 3715 eo
737 3651 1073 3729 continentur,utivelit
1088 3650 1209 3712 necne?

168 3756 266 3819 Nemo
283 3757 362 3818 enim
377 3755 535 3838 cogendus
552 3763 600 3818 est
613 3757 684 3838 jure
700 3773 756 3819 suc
773 3756 827 3833 uti,
844 3755 975 3835 ideoque
992 3755 1081 3816 etiam
1097 3755 1208 3833 cuique

168 3860 204 3922 iis
220 3862 399 3922 renuntiare
422 3860 509 3940 licet,
533 3879 611 3943 qnae
628 3879 683 3942 pro
700 3879 738 3924 eo
754 3859 926 3924 introducta
942 3866 1013 3922 sunt
1028 3857 1067 3937 ¹),
1083 3866 1114 3920 et
1129 3876 1208 3924 unus

170 4017 397 4030 m

223 4103 247 4170 1)
268 4120 284 4154 c
303 4103 438 4168 Stehlio,
457 4105 618 4172 Savignio,
638 4103 705 4155 aliis.

223 4191 249 4256 2)
269 4189 313 4241 Fr.
333 4195 376 4242 41.
395 4194 428 4243 D.
448 4197 473 4243 4.
492 4195 516 4245 4.
536 4193 578 4258 (de
597 4191 701 4276 minor.)
