<?xml version="1.0" encoding="UTF-8"?>
<!DOCTYPE html PUBLIC "-//W3C//DTD XHTML 1.0 Transitional//EN"
    "http://www.w3.org/TR/xhtml1/DTD/xhtml1-transitional.dtd">
<html xmlns="http://www.w3.org/1999/xhtml" xml:lang="en" lang="en">
 <head>
  <title>
</title>
<meta http-equiv="Content-Type" content="text/html;charset=utf-8" />
  <meta name='ocr-system' content='tesseract 3.04.00' />
  <meta name='ocr-capabilities' content='ocr_page ocr_carea ocr_par ocr_line ocrx_word'/>
</head>
<body>
  <div class='ocr_page' id='page_1' title='image "./philosophiaejur00warngoog_0185.png"; bbox 0 0 3109 5292; ppageno 0'>
   <div class='ocr_carea' id='block_1_1' title="bbox 817 557 885 624">
    <p class='ocr_par' dir='ltr' id='par_1_1' title="bbox 817 557 885 624">
     <span class='ocr_line' id='line_1_1' title="bbox 817 557 885 624; baseline 0 0"><span class='ocrx_word' id='word_1_1' title='bbox 817 557 885 624; x_wconf 76' lang='lat' dir='ltr'><strong>ttl</strong></span> 
     </span>
    </p>
   </div>
   <div class='ocr_carea' id='block_1_2' title="bbox 281 733 1402 2177">
    <p class='ocr_par' dir='ltr' id='par_1_2' title="bbox 333 733 1380 1538">
     <span class='ocr_line' id='line_1_2' title="bbox 333 733 1377 822; baseline -0.003 -18"><span class='ocrx_word' id='word_1_2' title='bbox 333 738 465 804; x_wconf 70' lang='lat' dir='ltr'><strong>tioudi·</strong></span> <span class='ocrx_word' id='word_1_3' title='bbox 478 737 723 806; x_wconf 66' lang='lat' dir='ltr'><strong>denominatione</strong></span> <span class='ocrx_word' id='word_1_4' title='bbox 737 735 1052 822; x_wconf 70' lang='lat' dir='ltr'><strong>omnpreienduntnr,</strong></span> <span class='ocrx_word' id='word_1_5' title='bbox 1064 733 1260 818; x_wconf 84' lang='lat' dir='ltr'><strong>etpropriant</strong></span> <span class='ocrx_word' id='word_1_6' title='bbox 1271 733 1377 816; x_wconf 64' lang='lat' dir='ltr'><strong>inrito</strong></span> 
     </span>
     <span class='ocr_line' id='line_1_3' title="bbox 334 839 1377 926; baseline -0.001 -17"><span class='ocrx_word' id='word_1_7' title='bbox 334 843 515 926; x_wconf 69' lang='lat' dir='ltr'><strong>prudentiae</strong></span> <span class='ocrx_word' id='word_1_8' title='bbox 530 852 648 926; x_wconf 83' lang='lat' dir='ltr'><strong>partem</strong></span> <span class='ocrx_word' id='word_1_9' title='bbox 662 843 805 923; x_wconf 79' lang='lat' dir='ltr'><strong>efficient,</strong></span> <span class='ocrx_word' id='word_1_10' title='bbox 819 843 909 926; x_wconf 84' lang='lat' dir='ltr'><strong>enjna</strong></span> <span class='ocrx_word' id='word_1_11' title='bbox 919 840 1055 908; x_wconf 77' lang='lat' dir='ltr'><strong>notitiem</strong></span> <span class='ocrx_word' id='word_1_12' title='bbox 1063 839 1123 904; x_wconf 82' lang='lat' dir='ltr'><strong>ltoc</strong></span> <span class='ocrx_word' id='word_1_13' title='bbox 1136 839 1208 903; x_wconf 86' lang='lat' dir='ltr'><strong>loeo</strong></span> <span class='ocrx_word' id='word_1_14' title='bbox 1218 855 1263 904; x_wconf 72' lang='lat' dir='ltr'><strong>,eo</strong></span> <span class='ocrx_word' id='word_1_15' title='bbox 1279 839 1377 908; x_wconf 75' lang='lat' dir='ltr'><strong>ninus</strong></span> 
     </span>
     <span class='ocr_line' id='line_1_4' title="bbox 333 943 1378 1031; baseline -0.009 -15"><span class='ocrx_word' id='word_1_16' title='bbox 333 950 474 1016; x_wconf 76' lang='lat' dir='ltr'><strong>omittere</strong></span> <span class='ocrx_word' id='word_1_17' title='bbox 494 949 577 1028; x_wconf 86' lang='lat' dir='ltr'><strong>lieet,</strong></span> <span class='ocrx_word' id='word_1_18' title='bbox 597 947 679 1030; x_wconf 84' lang='lat' dir='ltr'><strong>qnod</strong></span> <span class='ocrx_word' id='word_1_19' title='bbox 700 950 768 1031; x_wconf 77' lang='lat' dir='ltr'><strong>ejus</strong></span> <span class='ocrx_word' id='word_1_20' title='bbox 789 946 948 1012; x_wconf 78' lang='lat' dir='ltr'><strong>doctrine</strong></span> <span class='ocrx_word' id='word_1_21' title='bbox 969 945 1031 1010; x_wconf 85' lang='lat' dir='ltr'><strong>lata</strong></span> <span class='ocrx_word' id='word_1_22' title='bbox 1052 963 1121 1011; x_wconf 82' lang='lat' dir='ltr'><strong>enin</strong></span> <span class='ocrx_word' id='word_1_23' title='bbox 1134 943 1213 1029; x_wconf 80' lang='lat' dir='ltr'><strong>juris</strong></span> <span class='ocrx_word' id='word_1_24' title='bbox 1228 943 1378 1008; x_wconf 79' lang='lat' dir='ltr'><strong>naturalia</strong></span> 
     </span>
     <span class='ocr_line' id='line_1_5' title="bbox 334 1047 1378 1134; baseline -0.009 -16"><span class='ocrx_word' id='word_1_25' title='bbox 334 1062 421 1118; x_wconf 80' lang='lat' dir='ltr'><strong>rorte</strong></span> <span class='ocrx_word' id='word_1_26' title='bbox 437 1053 607 1118; x_wconf 79' lang='lat' dir='ltr'><strong>arctissime</strong></span> <span class='ocrx_word' id='word_1_27' title='bbox 621 1060 694 1117; x_wconf 86' lang='lat' dir='ltr'><strong>rnnt</strong></span> <span class='ocrx_word' id='word_1_28' title='bbox 708 1054 882 1134; x_wconf 82' lang='lat' dir='ltr'><strong>conjuncta.</strong></span> <span class='ocrx_word' id='word_1_29' title='bbox 916 1051 1001 1116; x_wconf 79' lang='lat' dir='ltr'><strong>turio</strong></span> <span class='ocrx_word' id='word_1_30' title='bbox 1021 1049 1168 1114; x_wconf 77' lang='lat' dir='ltr'><strong>naturalia</strong></span> <span class='ocrx_word' id='word_1_31' title='bbox 1187 1055 1221 1110; x_wconf 91' lang='lat' dir='ltr'><strong>et</strong></span> <span class='ocrx_word' id='word_1_32' title='bbox 1239 1047 1378 1130; x_wconf 77' lang='lat' dir='ltr'><strong>gentian</strong></span> 
     </span>
     <span class='ocr_line' id='line_1_6' title="bbox 333 1149 1379 1242; baseline -0.012 -16"><span class='ocrx_word' id='word_1_33' title='bbox 333 1160 416 1226; x_wconf 84' lang='lat' dir='ltr'><strong>enin</strong></span> <span class='ocrx_word' id='word_1_34' title='bbox 435 1165 600 1242; x_wconf 82' lang='lat' dir='ltr'><strong>praecepta</strong></span> <span class='ocrx_word' id='word_1_35' title='bbox 619 1159 652 1222; x_wconf 89' lang='lat' dir='ltr'><strong>in</strong></span> <span class='ocrx_word' id='word_1_36' title='bbox 671 1155 779 1223; x_wconf 84' lang='lat' dir='ltr'><strong>iisdem</strong></span> <span class='ocrx_word' id='word_1_37' title='bbox 794 1157 879 1222; x_wconf 78' lang='lat' dir='ltr'><strong>libris</strong></span> <span class='ocrx_word' id='word_1_38' title='bbox 894 1154 966 1220; x_wconf 83' lang='lat' dir='ltr'><strong>inde</strong></span> <span class='ocrx_word' id='word_1_39' title='bbox 981 1174 999 1217; x_wconf 84' lang='lat' dir='ltr'><strong>a</strong></span> <span class='ocrx_word' id='word_1_40' title='bbox 1015 1152 1113 1218; x_wconf 79' lang='lat' dir='ltr'><strong>Grotii</strong></span> <span class='ocrx_word' id='word_1_41' title='bbox 1129 1159 1161 1217; x_wconf 87' lang='lat' dir='ltr'><strong>et</strong></span> <span class='ocrx_word' id='word_1_42' title='bbox 1180 1149 1379 1218; x_wconf 76' lang='lat' dir='ltr'><strong>Puffendorfii</strong></span> 
     </span>
     <span class='ocr_line' id='line_1_7' title="bbox 333 1255 1378 1346; baseline -0.008 -18"><span class='ocrx_word' id='word_1_43' title='bbox 333 1271 435 1328; x_wconf 82' lang='lat' dir='ltr'><strong>aetate</strong></span> <span class='ocrx_word' id='word_1_44' title='bbox 450 1264 491 1327; x_wconf 83' lang='lat' dir='ltr'><strong>nl</strong></span> <span class='ocrx_word' id='word_1_45' title='bbox 505 1263 669 1329; x_wconf 67' lang='lat' dir='ltr'><strong>norinimn</strong></span> <span class='ocrx_word' id='word_1_46' title='bbox 683 1279 781 1342; x_wconf 71' lang='lat' dir='ltr'><strong>mone</strong></span> <span class='ocrx_word' id='word_1_47' title='bbox 798 1269 937 1346; x_wconf 80' lang='lat' dir='ltr'><strong>tenpore</strong></span> <span class='ocrx_word' id='word_1_48' title='bbox 945 1257 1110 1336; x_wconf 66' lang='lat' dir='ltr'><strong>nalum,</strong></span> <span class='ocrx_word' id='word_1_49' title='bbox 1120 1264 1153 1322; x_wconf 91' lang='lat' dir='ltr'><strong>et</strong></span> <span class='ocrx_word' id='word_1_50' title='bbox 1168 1256 1250 1339; x_wconf 83' lang='lat' dir='ltr'><strong>apud</strong></span> <span class='ocrx_word' id='word_1_51' title='bbox 1266 1255 1378 1322; x_wconf 83' lang='lat' dir='ltr'><strong>mutter</strong></span> 
     </span>
     <span class='ocr_line' id='line_1_8' title="bbox 334 1360 1380 1450; baseline -0.009 -19"><span class='ocrx_word' id='word_1_52' title='bbox 334 1367 504 1448; x_wconf 73' lang='lat' dir='ltr'><strong>scriptores</strong></span> <span class='ocrx_word' id='word_1_53' title='bbox 515 1369 568 1449; x_wconf 84' lang='lat' dir='ltr'><strong>jna</strong></span> <span class='ocrx_word' id='word_1_54' title='bbox 578 1367 715 1450; x_wconf 76' lang='lat' dir='ltr'><strong>gentiunt</strong></span> <span class='ocrx_word' id='word_1_55' title='bbox 721 1375 862 1448; x_wconf 82' lang='lat' dir='ltr'><strong>tanquan</strong></span> <span class='ocrx_word' id='word_1_56' title='bbox 873 1366 925 1450; x_wconf 79' lang='lat' dir='ltr'><strong>jun</strong></span> <span class='ocrx_word' id='word_1_57' title='bbox 940 1363 1076 1430; x_wconf 77' lang='lat' dir='ltr'><strong>naturale</strong></span> <span class='ocrx_word' id='word_1_58' title='bbox 1089 1360 1128 1426; x_wconf 85' lang='lat' dir='ltr'><strong>ad</strong></span> <span class='ocrx_word' id='word_1_59' title='bbox 1143 1363 1280 1444; x_wconf 65' lang='lat' dir='ltr'><strong>genennt</strong></span> <span class='ocrx_word' id='word_1_60' title='bbox 1296 1360 1380 1424; x_wconf 80' lang='lat' dir='ltr'><strong>inter</strong></span> 
     </span>
     <span class='ocr_line' id='line_1_9' title="bbox 334 1470 993 1538; baseline -0.011 0"><span class='ocrx_word' id='word_1_61' title='bbox 334 1488 371 1538; x_wconf 77' lang='lat' dir='ltr'><strong>ee</strong></span> <span class='ocrx_word' id='word_1_62' title='bbox 385 1472 552 1537; x_wconf 74' lang='lat' dir='ltr'><strong>relationes</strong></span> <span class='ocrx_word' id='word_1_63' title='bbox 565 1470 823 1536; x_wconf 73' lang='lat' dir='ltr'><strong>accommodatum</strong></span> <span class='ocrx_word' id='word_1_64' title='bbox 837 1476 993 1534; x_wconf 76' lang='lat' dir='ltr'><strong>tractetur.</strong></span> 
     </span>
    </p>

    <p class='ocr_par' dir='ltr' id='par_1_3' title="bbox 281 1568 1402 2177">
     <span class='ocr_line' id='line_1_10' title="bbox 404 1568 1379 1657; baseline -0.007 -19"><span class='ocrx_word' id='word_1_65' title='bbox 404 1575 477 1642; x_wconf 76' lang='lat'><strong>146.</strong></span> <span class='ocrx_word' id='word_1_66' title='bbox 500 1575 631 1642; x_wconf 77' lang='lat' dir='ltr'><strong>tossen</strong></span> <span class='ocrx_word' id='word_1_67' title='bbox 653 1583 754 1639; x_wconf 84' lang='lat' dir='ltr'><strong>antem</strong></span> <span class='ocrx_word' id='word_1_68' title='bbox 772 1574 853 1657; x_wconf 81' lang='lat' dir='ltr'><strong>juria</strong></span> <span class='ocrx_word' id='word_1_69' title='bbox 872 1573 1009 1656; x_wconf 76' lang='lat' dir='ltr'><strong>gentium</strong></span> <span class='ocrx_word' id='word_1_70' title='bbox 1032 1577 1199 1654; x_wconf 85' lang='lat' dir='ltr'><strong>praecepta</strong></span> <span class='ocrx_word' id='word_1_71' title='bbox 1223 1568 1261 1635; x_wconf 84' lang='lat' dir='ltr'><strong>nd</strong></span> <span class='ocrx_word' id='word_1_72' title='bbox 1283 1585 1379 1632; x_wconf 80' lang='lat' dir='ltr'><strong>annin</strong></span> 
     </span>
     <span class='ocr_line' id='line_1_11' title="bbox 335 1674 1379 1762; baseline -0.008 -18"><span class='ocrx_word' id='word_1_73' title='bbox 335 1681 518 1762; x_wconf 81' lang='lat' dir='ltr'><strong>principium</strong></span> <span class='ocrx_word' id='word_1_74' title='bbox 538 1680 698 1756; x_wconf 84' lang='lat' dir='ltr'><strong>revocari,</strong></span> <span class='ocrx_word' id='word_1_75' title='bbox 721 1695 783 1759; x_wconf 82' lang='lat' dir='ltr'><strong>qno</strong></span> <span class='ocrx_word' id='word_1_76' title='bbox 810 1679 897 1760; x_wconf 81' lang='lat' dir='ltr'><strong>quani</strong></span> <span class='ocrx_word' id='word_1_77' title='bbox 924 1676 1117 1742; x_wconf 77' lang='lat' dir='ltr'><strong>fundamento</strong></span> <span class='ocrx_word' id='word_1_78' title='bbox 1147 1692 1205 1740; x_wconf 85' lang='lat' dir='ltr'><strong>suo</strong></span> <span class='ocrx_word' id='word_1_79' title='bbox 1224 1674 1379 1747; x_wconf 13' lang='lat' dir='ltr'><strong>prementi.</strong></span> 
     </span>
     <span class='ocr_line' id='line_1_12' title="bbox 337 1778 1380 1867; baseline -0.006 -19"><span class='ocrx_word' id='word_1_80' title='bbox 337 1784 466 1866; x_wconf 76' lang='lat' dir='ltr'><strong>Oportet</strong></span> <span class='ocrx_word' id='word_1_81' title='bbox 483 1784 565 1848; x_wconf 88' lang='lat' dir='ltr'><strong>enim</strong></span> <span class='ocrx_word' id='word_1_82' title='bbox 585 1802 656 1862; x_wconf 79' lang='lat' dir='ltr'><strong>esne</strong></span> <span class='ocrx_word' id='word_1_83' title='bbox 677 1791 788 1867; x_wconf 76' lang='lat' dir='ltr'><strong>gentes</strong></span> <span class='ocrx_word' id='word_1_84' title='bbox 809 1783 860 1845; x_wconf 88' lang='lat' dir='ltr'><strong>vel</strong></span> <span class='ocrx_word' id='word_1_85' title='bbox 875 1781 1079 1863; x_wconf 80' lang='lat' dir='ltr'><strong>respublicae,</strong></span> <span class='ocrx_word' id='word_1_86' title='bbox 1099 1797 1179 1861; x_wconf 79' lang='lat' dir='ltr'><strong>qnae</strong></span> <span class='ocrx_word' id='word_1_87' title='bbox 1194 1795 1230 1845; x_wconf 79' lang='lat' dir='ltr'><strong>ne</strong></span> <span class='ocrx_word' id='word_1_88' title='bbox 1245 1778 1380 1842; x_wconf 73' lang='lat' dir='ltr'><strong>invicem</strong></span> 
     </span>
     <span class='ocr_line' id='line_1_13' title="bbox 336 1881 1379 1973; baseline -0.012 -17"><span class='ocrx_word' id='word_1_89' title='bbox 336 1898 371 1957; x_wconf 80' lang='lat' dir='ltr'><strong>nt</strong></span> <span class='ocrx_word' id='word_1_90' title='bbox 385 1889 500 1955; x_wconf 80' lang='lat' dir='ltr'><strong>liberae</strong></span> <span class='ocrx_word' id='word_1_91' title='bbox 515 1897 548 1952; x_wconf 88' lang='lat' dir='ltr'><strong>et</strong></span> <span class='ocrx_word' id='word_1_92' title='bbox 561 1891 609 1954; x_wconf 83' lang='lat' dir='ltr'><strong>sni</strong></span> <span class='ocrx_word' id='word_1_93' title='bbox 619 1889 699 1973; x_wconf 80' lang='lat' dir='ltr'><strong>juria</strong></span> <span class='ocrx_word' id='word_1_94' title='bbox 713 1887 853 1952; x_wconf 80' lang='lat' dir='ltr'><strong>nationes</strong></span> <span class='ocrx_word' id='word_1_95' title='bbox 867 1894 899 1954; x_wconf 89' lang='lat' dir='ltr'><strong>et</strong></span> <span class='ocrx_word' id='word_1_96' title='bbox 913 1894 1082 1969; x_wconf 70' lang='lat' dir='ltr'><strong>agnoscunt</strong></span> <span class='ocrx_word' id='word_1_97' title='bbox 1096 1892 1129 1948; x_wconf 91' lang='lat' dir='ltr'><strong>et</strong></span> <span class='ocrx_word' id='word_1_98' title='bbox 1143 1890 1283 1949; x_wconf 63' lang='lat' dir='ltr'><strong>nectant</strong></span> <span class='ocrx_word' id='word_1_99' title='bbox 1310 1881 1379 1956; x_wconf 81' lang='lat' dir='ltr'><strong>Qua</strong></span> 
     </span>
     <span class='ocr_line' id='line_1_14' title="bbox 336 1966 1402 2078; baseline -0.008 -20"><span class='ocrx_word' id='word_1_100' title='bbox 336 1995 510 2078; x_wconf 73' lang='lat' dir='ltr'><strong>agnitione,</strong></span> <span class='ocrx_word' id='word_1_101' title='bbox 531 1995 599 2058; x_wconf 86' lang='lat' dir='ltr'><strong>sine</strong></span> <span class='ocrx_word' id='word_1_102' title='bbox 620 2011 681 2074; x_wconf 83' lang='lat' dir='ltr'><strong>qun</strong></span> <span class='ocrx_word' id='word_1_103' title='bbox 691 1995 745 2074; x_wconf 82' lang='lat' dir='ltr'><strong>jor</strong></span> <span class='ocrx_word' id='word_1_104' title='bbox 760 1993 898 2075; x_wconf 71' lang='lat' dir='ltr'><strong>gennem</strong></span> <span class='ocrx_word' id='word_1_105' title='bbox 916 2009 956 2054; x_wconf 89' lang='lat' dir='ltr'><strong>ne</strong></span> <span class='ocrx_word' id='word_1_106' title='bbox 972 1990 1102 2074; x_wconf 76' lang='lat' dir='ltr'><strong>cogitari</strong></span> <span class='ocrx_word' id='word_1_107' title='bbox 1122 1988 1242 2070; x_wconf 85' lang='lat' dir='ltr'><strong>quidem</strong></span> <span class='ocrx_word' id='word_1_108' title='bbox 1264 1966 1402 2069; x_wconf 56' lang='lat' dir='ltr'><strong>peteen&#39;</strong></span> 
     </span>
     <span class='ocr_line' id='line_1_15' title="bbox 281 2092 1380 2177; baseline -0.007 -13"><span class='ocrx_word' id='word_1_109' title='bbox 281 2160 284 2164; x_wconf 12' lang='lat' dir='ltr'><em>A</em></span> <span class='ocrx_word' id='word_1_110' title='bbox 337 2099 482 2177; x_wconf 75' lang='lat' dir='ltr'><strong>efficitur,</strong></span> <span class='ocrx_word' id='word_1_111' title='bbox 503 2106 542 2163; x_wconf 81' lang='lat' dir='ltr'><strong>nt.</strong></span> <span class='ocrx_word' id='word_1_112' title='bbox 558 2098 628 2161; x_wconf 89' lang='lat' dir='ltr'><strong>illae</strong></span> <span class='ocrx_word' id='word_1_113' title='bbox 648 2096 789 2163; x_wconf 82' lang='lat' dir='ltr'><strong>civitates</strong></span> <span class='ocrx_word' id='word_1_114' title='bbox 808 2113 1011 2177; x_wconf 70' lang='lat' dir='ltr'><strong>personarum</strong></span> <span class='ocrx_word' id='word_1_115' title='bbox 1032 2093 1180 2169; x_wconf 81' lang='lat' dir='ltr'><strong>adinstar</strong></span> <span class='ocrx_word' id='word_1_116' title='bbox 1200 2092 1380 2169; x_wconf 77' lang='lat' dir='ltr'><strong>habeantur,</strong></span> 
     </span>
    </p>
   </div>
   <div class='ocr_carea' id='block_1_3' title="bbox 225 2190 1380 2284">
    <p class='ocr_par' dir='ltr' id='par_1_4' title="bbox 225 2190 1380 2284">
     <span class='ocr_line' id='line_1_16' title="bbox 225 2190 1380 2284; baseline -0.005 -18"><span class='ocrx_word' id='word_1_117' title='bbox 225 2190 231 2216; x_wconf 82' lang='lat'><strong><em>‘</em></strong></span> <span class='ocrx_word' id='word_1_118' title='bbox 337 2220 417 2283; x_wconf 85' lang='lat' dir='ltr'><strong>quae</strong></span> <span class='ocrx_word' id='word_1_119' title='bbox 437 2220 501 2265; x_wconf 89' lang='lat' dir='ltr'><strong>non</strong></span> <span class='ocrx_word' id='word_1_120' title='bbox 520 2200 618 2264; x_wconf 85' lang='lat' dir='ltr'><strong>minua</strong></span> <span class='ocrx_word' id='word_1_121' title='bbox 637 2218 726 2280; x_wconf 83' lang='lat' dir='ltr'><strong>qnam</strong></span> <span class='ocrx_word' id='word_1_122' title='bbox 745 2200 861 2284; x_wconf 76' lang='lat' dir='ltr'><strong>singuli</strong></span> <span class='ocrx_word' id='word_1_123' title='bbox 880 2200 1019 2264; x_wconf 77' lang='lat' dir='ltr'><strong>hominen</strong></span> <span class='ocrx_word' id='word_1_124' title='bbox 1038 2206 1132 2280; x_wconf 87' lang='lat' dir='ltr'><strong>eaput</strong></span> <span class='ocrx_word' id='word_1_125' title='bbox 1150 2197 1301 2262; x_wconf 67' lang='lat' dir='ltr'><strong>nocctes</strong></span> <span class='ocrx_word' id='word_1_126' title='bbox 1322 2212 1380 2260; x_wconf 81' lang='lat' dir='ltr'><strong>neo</strong></span> 
     </span>
    </p>
   </div>
   <div class='ocr_carea' id='block_1_4' title="bbox 328 2301 1383 4266">
    <p class='ocr_par' dir='ltr' id='par_1_5' title="bbox 328 2301 1382 3533">
     <span class='ocr_line' id='line_1_17' title="bbox 333 2301 1382 2389; baseline -0.01 -16"><span class='ocrx_word' id='word_1_127' title='bbox 333 2307 406 2389; x_wconf 79' lang='lat' dir='ltr'><strong>jore</strong></span> <span class='ocrx_word' id='word_1_128' title='bbox 420 2313 547 2371; x_wconf 84' lang='lat' dir='ltr'><strong>utnntnr</strong></span> <span class='ocrx_word' id='word_1_129' title='bbox 554 2313 587 2368; x_wconf 90' lang='lat' dir='ltr'><strong>et</strong></span> <span class='ocrx_word' id='word_1_130' title='bbox 596 2312 701 2368; x_wconf 85' lang='lat' dir='ltr'><strong>mntno</strong></span> <span class='ocrx_word' id='word_1_131' title='bbox 710 2306 792 2389; x_wconf 80' lang='lat' dir='ltr'><strong>juris</strong></span> <span class='ocrx_word' id='word_1_132' title='bbox 801 2305 923 2370; x_wconf 83' lang='lat' dir='ltr'><strong>vinculo</strong></span> <span class='ocrx_word' id='word_1_133' title='bbox 934 2305 1012 2370; x_wconf 89' lang='lat' dir='ltr'><strong>inter</strong></span> <span class='ocrx_word' id='word_1_134' title='bbox 1023 2321 1060 2368; x_wconf 82' lang='lat' dir='ltr'><strong>ne</strong></span> <span class='ocrx_word' id='word_1_135' title='bbox 1071 2304 1252 2386; x_wconf 72' lang='lat' dir='ltr'><strong>junguntur.</strong></span> <span class='ocrx_word' id='word_1_136' title='bbox 1276 2301 1382 2372; x_wconf 81' lang='lat' dir='ltr'><strong>llto‘m</strong></span> 
     </span>
     <span class='ocr_line' id='line_1_18' title="bbox 328 2409 1381 2489; baseline 0 -17"><span class='ocrx_word' id='word_1_137' title='bbox 328 2410 455 2489; x_wconf 74' lang='lat' dir='ltr'><strong>,vinculi</strong></span> <span class='ocrx_word' id='word_1_138' title='bbox 469 2410 608 2484; x_wconf 48' lang='lat' dir='ltr'><strong>despotin</strong></span> <span class='ocrx_word' id='word_1_139' title='bbox 619 2416 714 2487; x_wconf 75' lang='lat' dir='ltr'><strong>cipue</strong></span> <span class='ocrx_word' id='word_1_140' title='bbox 721 2411 909 2485; x_wconf 78' lang='lat' dir='ltr'><strong>ponderatio</strong></span> <span class='ocrx_word' id='word_1_141' title='bbox 919 2410 1005 2480; x_wconf 78' lang='lat' dir='ltr'><strong>jnrir</strong></span> <span class='ocrx_word' id='word_1_142' title='bbox 1012 2409 1150 2482; x_wconf 70' lang='lat' dir='ltr'><strong>cretton</strong></span> <span class='ocrx_word' id='word_1_143' title='bbox 1157 2411 1381 2482; x_wconf 62' lang='lat' dir='ltr'><strong>armentium</strong></span> 
     </span>
     <span class='ocr_line' id='line_1_19' title="bbox 336 2507 1379 2596; baseline -0.008 -20"><span class='ocrx_word' id='word_1_144' title='bbox 336 2519 393 2577; x_wconf 77' lang='lat' dir='ltr'><strong>eat.</strong></span> <span class='ocrx_word' id='word_1_145' title='bbox 410 2510 499 2582; x_wconf 71' lang='lat' dir='ltr'><strong>eun</strong></span> <span class='ocrx_word' id='word_1_146' title='bbox 514 2521 615 2579; x_wconf 81' lang='lat' dir='ltr'><strong>antem</strong></span> <span class='ocrx_word' id='word_1_147' title='bbox 625 2514 694 2596; x_wconf 80' lang='lat' dir='ltr'>jus,</span> <span class='ocrx_word' id='word_1_148' title='bbox 716 2512 800 2594; x_wconf 78' lang='lat' dir='ltr'><strong>qnod</strong></span> <span class='ocrx_word' id='word_1_149' title='bbox 822 2514 949 2595; x_wconf 87' lang='lat' dir='ltr'><strong>proprie</strong></span> <span class='ocrx_word' id='word_1_150' title='bbox 963 2512 1087 2588; x_wconf 87' lang='lat' dir='ltr'><strong>dieitur,</strong></span> <span class='ocrx_word' id='word_1_151' title='bbox 1109 2511 1152 2576; x_wconf 88' lang='lat' dir='ltr'><strong>nil</strong></span> <span class='ocrx_word' id='word_1_152' title='bbox 1167 2507 1253 2576; x_wconf 85' lang='lat' dir='ltr'><strong>aliud</strong></span> <span class='ocrx_word' id='word_1_153' title='bbox 1265 2510 1306 2574; x_wconf 83' lang='lat' dir='ltr'><strong>ait</strong></span> <span class='ocrx_word' id='word_1_154' title='bbox 1320 2509 1379 2574; x_wconf 81' lang='lat' dir='ltr'><strong>nini</strong></span> 
     </span>
     <span class='ocr_line' id='line_1_20' title="bbox 332 2613 1382 2702; baseline -0.002 -22"><span class='ocrx_word' id='word_1_155' title='bbox 332 2618 407 2702; x_wconf 67' lang='lat' dir='ltr'><strong>insti</strong></span> <span class='ocrx_word' id='word_1_156' title='bbox 431 2625 523 2700; x_wconf 72' lang='lat' dir='ltr'><strong>atone</strong></span> <span class='ocrx_word' id='word_1_157' title='bbox 554 2620 654 2702; x_wconf 78' lang='lat' dir='ltr'><strong>injusti</strong></span> <span class='ocrx_word' id='word_1_158' title='bbox 676 2618 860 2699; x_wconf 77' lang='lat' dir='ltr'><strong>descriptio,</strong></span> <span class='ocrx_word' id='word_1_159' title='bbox 887 2616 1037 2682; x_wconf 77' lang='lat' dir='ltr'><strong>comneni</strong></span> <span class='ocrx_word' id='word_1_160' title='bbox 1062 2615 1209 2682; x_wconf 77' lang='lat' dir='ltr'><strong>utentinn</strong></span> <span class='ocrx_word' id='word_1_161' title='bbox 1233 2613 1382 2695; x_wconf 83' lang='lat' dir='ltr'><strong>opinione</strong></span> 
     </span>
     <span class='ocr_line' id='line_1_21' title="bbox 338 2715 1381 2807; baseline -0.007 -20"><span class='ocrx_word' id='word_1_162' title='bbox 338 2723 548 2805; x_wconf 82' lang='lat' dir='ltr'><strong>comprobata3</strong></span> <span class='ocrx_word' id='word_1_163' title='bbox 572 2725 711 2805; x_wconf 84' lang='lat' dir='ltr'><strong>sequitur</strong></span> <span class='ocrx_word' id='word_1_164' title='bbox 726 2724 807 2807; x_wconf 78' lang='lat' dir='ltr'><strong>Jnris</strong></span> <span class='ocrx_word' id='word_1_165' title='bbox 828 2723 963 2805; x_wconf 75' lang='lat' dir='ltr'><strong>gentiunt</strong></span> <span class='ocrx_word' id='word_1_166' title='bbox 986 2726 1153 2803; x_wconf 87' lang='lat' dir='ltr'><strong>praecepta</strong></span> <span class='ocrx_word' id='word_1_167' title='bbox 1172 2736 1234 2782; x_wconf 91' lang='lat' dir='ltr'><strong>non</strong></span> <span class='ocrx_word' id='word_1_168' title='bbox 1255 2736 1296 2780; x_wconf 82' lang='lat' dir='ltr'><strong>ex</strong></span> <span class='ocrx_word' id='word_1_169' title='bbox 1312 2715 1381 2784; x_wconf 84' lang='lat' dir='ltr'><strong>nolo</strong></span> 
     </span>
     <span class='ocr_line' id='line_1_22' title="bbox 338 2822 1381 2908; baseline -0.006 -20"><span class='ocrx_word' id='word_1_170' title='bbox 338 2843 378 2888; x_wconf 89' lang='lat' dir='ltr'><strong>eo</strong></span> <span class='ocrx_word' id='word_1_171' title='bbox 398 2825 481 2890; x_wconf 87' lang='lat' dir='ltr'><strong>lacto</strong></span> <span class='ocrx_word' id='word_1_172' title='bbox 500 2844 594 2907; x_wconf 85' lang='lat' dir='ltr'><strong>posse</strong></span> <span class='ocrx_word' id='word_1_173' title='bbox 614 2828 738 2906; x_wconf 86' lang='lat' dir='ltr'><strong>deduci,</strong></span> <span class='ocrx_word' id='word_1_174' title='bbox 759 2825 843 2908; x_wconf 87' lang='lat' dir='ltr'><strong>quod</strong></span> <span class='ocrx_word' id='word_1_175' title='bbox 862 2827 968 2908; x_wconf 86' lang='lat' dir='ltr'><strong>plures</strong></span> <span class='ocrx_word' id='word_1_176' title='bbox 988 2825 1094 2907; x_wconf 89' lang='lat' dir='ltr'><strong>populi</strong></span> <span class='ocrx_word' id='word_1_177' title='bbox 1113 2824 1206 2886; x_wconf 67' lang='lat' dir='ltr'><strong>rimant</strong></span> <span class='ocrx_word' id='word_1_178' title='bbox 1234 2822 1381 2898; x_wconf 70' lang='lat' dir='ltr'><strong>existunt,</strong></span> 
     </span>
     <span class='ocr_line' id='line_1_23' title="bbox 336 2926 1382 3012; baseline -0.006 -19"><span class='ocrx_word' id='word_1_179' title='bbox 336 2947 397 2993; x_wconf 87' lang='lat' dir='ltr'><strong>nec</strong></span> <span class='ocrx_word' id='word_1_180' title='bbox 411 2947 453 2992; x_wconf 85' lang='lat' dir='ltr'><strong>ex</strong></span> <span class='ocrx_word' id='word_1_181' title='bbox 468 2931 621 2994; x_wconf 79' lang='lat' dir='ltr'><strong>sententia</strong></span> <span class='ocrx_word' id='word_1_182' title='bbox 640 2939 756 2995; x_wconf 83' lang='lat' dir='ltr'><strong>tanturn</strong></span> <span class='ocrx_word' id='word_1_183' title='bbox 775 2931 900 2994; x_wconf 84' lang='lat' dir='ltr'><strong>alterins</strong></span> <span class='ocrx_word' id='word_1_184' title='bbox 921 2930 1090 3012; x_wconf 84' lang='lat' dir='ltr'><strong>proticisci:</strong></span> <span class='ocrx_word' id='word_1_185' title='bbox 1105 2927 1170 2992; x_wconf 73' lang='lat' dir='ltr'><strong>aed</strong></span> <span class='ocrx_word' id='word_1_186' title='bbox 1190 2926 1332 3008; x_wconf 59' lang='lat' dir='ltr'><strong>requiri,</strong></span> <span class='ocrx_word' id='word_1_187' title='bbox 1347 2931 1382 2988; x_wconf 87' lang='lat' dir='ltr'><strong>ut</strong></span> 
     </span>
     <span class='ocr_line' id='line_1_24' title="bbox 339 3028 1381 3115; baseline -0.004 -19"><span class='ocrx_word' id='word_1_188' title='bbox 339 3041 438 3096; x_wconf 87' lang='lat' dir='ltr'><strong>rnntna</strong></span> <span class='ocrx_word' id='word_1_189' title='bbox 454 3033 535 3097; x_wconf 86' lang='lat' dir='ltr'><strong>inter</strong></span> <span class='ocrx_word' id='word_1_190' title='bbox 549 3035 620 3096; x_wconf 85' lang='lat' dir='ltr'><strong>illoa</strong></span> <span class='ocrx_word' id='word_1_191' title='bbox 635 3034 744 3097; x_wconf 76' lang='lat' dir='ltr'><strong>relatio</strong></span> <span class='ocrx_word' id='word_1_192' title='bbox 760 3035 868 3098; x_wconf 87' lang='lat' dir='ltr'><strong>eadem</strong></span> <span class='ocrx_word' id='word_1_193' title='bbox 883 3037 1002 3100; x_wconf 87' lang='lat' dir='ltr'><strong>ratione</strong></span> <span class='ocrx_word' id='word_1_194' title='bbox 1017 3035 1055 3098; x_wconf 87' lang='lat' dir='ltr'><strong>ab</strong></span> <span class='ocrx_word' id='word_1_195' title='bbox 1070 3041 1201 3114; x_wconf 84' lang='lat' dir='ltr'><strong>utraque</strong></span> <span class='ocrx_word' id='word_1_196' title='bbox 1217 3038 1312 3115; x_wconf 79' lang='lat' dir='ltr'><strong>gente</strong></span> <span class='ocrx_word' id='word_1_197' title='bbox 1328 3028 1381 3092; x_wconf 89' lang='lat' dir='ltr'><strong>di-</strong></span> 
     </span>
     <span class='ocr_line' id='line_1_25' title="bbox 334 3133 1381 3222; baseline -0.001 -24"><span class='ocrx_word' id='word_1_198' title='bbox 334 3135 498 3220; x_wconf 86' lang='lat' dir='ltr'><strong>jodicetor.</strong></span> <span class='ocrx_word' id='word_1_199' title='bbox 528 3137 626 3200; x_wconf 84' lang='lat' dir='ltr'><strong>Facile</strong></span> <span class='ocrx_word' id='word_1_200' title='bbox 642 3154 684 3199; x_wconf 78' lang='lat' dir='ltr'><strong>ex</strong></span> <span class='ocrx_word' id='word_1_201' title='bbox 698 3136 745 3200; x_wconf 92' lang='lat' dir='ltr'><strong>his</strong></span> <span class='ocrx_word' id='word_1_202' title='bbox 761 3139 957 3222; x_wconf 81' lang='lat' dir='ltr'><strong>intelligitur,</strong></span> <span class='ocrx_word' id='word_1_203' title='bbox 977 3135 1224 3220; x_wconf 82' lang='lat' dir='ltr'><strong>quomadmodum</strong></span> <span class='ocrx_word' id='word_1_204' title='bbox 1241 3135 1314 3216; x_wconf 87' lang='lat' dir='ltr'><strong>jura</strong></span> <span class='ocrx_word' id='word_1_205' title='bbox 1331 3133 1381 3196; x_wconf 88' lang='lat' dir='ltr'><strong>ei·</strong></span> 
     </span>
     <span class='ocr_line' id='line_1_26' title="bbox 337 3239 1382 3328; baseline -0.003 -24"><span class='ocrx_word' id='word_1_206' title='bbox 337 3239 428 3318; x_wconf 79' lang='lat' dir='ltr'><strong>vilia,</strong></span> <span class='ocrx_word' id='word_1_207' title='bbox 446 3240 489 3304; x_wconf 85' lang='lat' dir='ltr'><strong>ita</strong></span> <span class='ocrx_word' id='word_1_208' title='bbox 509 3241 601 3319; x_wconf 86' lang='lat' dir='ltr'><strong>etiarn</strong></span> <span class='ocrx_word' id='word_1_209' title='bbox 614 3242 697 3324; x_wconf 84' lang='lat' dir='ltr'><strong>jnria</strong></span> <span class='ocrx_word' id='word_1_210' title='bbox 716 3244 853 3325; x_wconf 78' lang='lat' dir='ltr'><strong>gentian</strong></span> <span class='ocrx_word' id='word_1_211' title='bbox 872 3251 1042 3328; x_wconf 81' lang='lat' dir='ltr'><strong>praecepta</strong></span> <span class='ocrx_word' id='word_1_212' title='bbox 1061 3243 1142 3306; x_wconf 86' lang='lat' dir='ltr'><strong>inter</strong></span> <span class='ocrx_word' id='word_1_213' title='bbox 1157 3241 1261 3318; x_wconf 68' lang='lat' dir='ltr'><strong>ruina</strong></span> <span class='ocrx_word' id='word_1_214' title='bbox 1276 3247 1382 3302; x_wconf 81' lang='lat' dir='ltr'><strong>terrae</strong></span> 
     </span>
     <span class='ocr_line' id='line_1_27' title="bbox 339 3343 1382 3429; baseline 0 -23"><span class='ocrx_word' id='word_1_215' title='bbox 339 3343 471 3426; x_wconf 78' lang='lat' dir='ltr'><strong>populor</strong></span> <span class='ocrx_word' id='word_1_216' title='bbox 492 3345 601 3415; x_wconf 80' lang='lat' dir='ltr'><strong>unitata</strong></span> <span class='ocrx_word' id='word_1_217' title='bbox 624 3347 831 3414; x_wconf 85' lang='lat' dir='ltr'><strong>diversissima</strong></span> <span class='ocrx_word' id='word_1_218' title='bbox 857 3367 942 3414; x_wconf 83' lang='lat' dir='ltr'><strong>esse:</strong></span> <span class='ocrx_word' id='word_1_219' title='bbox 973 3349 1046 3415; x_wconf 90' lang='lat' dir='ltr'><strong>lieet</strong></span> <span class='ocrx_word' id='word_1_220' title='bbox 1066 3363 1188 3429; x_wconf 77' lang='lat' dir='ltr'><strong>semper</strong></span> <span class='ocrx_word' id='word_1_221' title='bbox 1212 3343 1324 3410; x_wconf 85' lang='lat' dir='ltr'><strong>eodem</strong></span> <span class='ocrx_word' id='word_1_222' title='bbox 1348 3343 1382 3406; x_wconf 93' lang='lat' dir='ltr'><strong>in</strong></span> 
     </span>
     <span class='ocr_line' id='line_1_28' title="bbox 338 3447 819 3533; baseline 0.004 -21"><span class='ocrx_word' id='word_1_223' title='bbox 338 3448 418 3512; x_wconf 79' lang='lat' dir='ltr'><strong>lecto</strong></span> <span class='ocrx_word' id='word_1_224' title='bbox 433 3447 629 3533; x_wconf 85' lang='lat' dir='ltr'><strong>dijudicando</strong></span> <span class='ocrx_word' id='word_1_225' title='bbox 645 3460 819 3519; x_wconf 80' lang='lat' dir='ltr'><strong>versentur.</strong></span> 
     </span>
    </p>

    <p class='ocr_par' dir='ltr' id='par_1_6' title="bbox 338 3551 1383 4266">
     <span class='ocr_line' id='line_1_29' title="bbox 408 3551 1383 3640; baseline 0.002 -25"><span class='ocrx_word' id='word_1_226' title='bbox 408 3551 481 3618; x_wconf 74' lang='lat'><strong>147.</strong></span> <span class='ocrx_word' id='word_1_227' title='bbox 503 3554 608 3621; x_wconf 83' lang='lat' dir='ltr'><strong>Solent</strong></span> <span class='ocrx_word' id='word_1_228' title='bbox 623 3565 722 3620; x_wconf 78' lang='lat' dir='ltr'><strong>antem</strong></span> <span class='ocrx_word' id='word_1_229' title='bbox 737 3558 873 3640; x_wconf 82' lang='lat' dir='ltr'><strong>gentium</strong></span> <span class='ocrx_word' id='word_1_230' title='bbox 889 3556 1058 3624; x_wconf 82' lang='lat' dir='ltr'><strong>sententiae</strong></span> <span class='ocrx_word' id='word_1_231' title='bbox 1074 3553 1113 3617; x_wconf 82' lang='lat' dir='ltr'><strong>tle</strong></span> <span class='ocrx_word' id='word_1_232' title='bbox 1130 3571 1180 3634; x_wconf 85' lang='lat' dir='ltr'><strong>eo,</strong></span> <span class='ocrx_word' id='word_1_233' title='bbox 1201 3553 1286 3636; x_wconf 81' lang='lat' dir='ltr'><strong>qnod</strong></span> <span class='ocrx_word' id='word_1_234' title='bbox 1301 3555 1383 3621; x_wconf 86' lang='lat' dir='ltr'><strong>inter</strong></span> 
     </span>
     <span class='ocr_line' id='line_1_30' title="bbox 339 3657 1382 3742; baseline 0.002 -20"><span class='ocrx_word' id='word_1_235' title='bbox 339 3657 535 3740; x_wconf 74' lang='lat' dir='ltr'><strong>ittonjostum</strong></span> <span class='ocrx_word' id='word_1_236' title='bbox 550 3677 622 3724; x_wconf 84' lang='lat' dir='ltr'><strong>erse</strong></span> <span class='ocrx_word' id='word_1_237' title='bbox 636 3659 764 3739; x_wconf 82' lang='lat' dir='ltr'><strong>debeat,</strong></span> <span class='ocrx_word' id='word_1_238' title='bbox 788 3661 898 3742; x_wconf 90' lang='lat' dir='ltr'><strong>triplici</strong></span> <span class='ocrx_word' id='word_1_239' title='bbox 913 3660 1003 3725; x_wconf 87' lang='lat' dir='ltr'><strong>modo</strong></span> <span class='ocrx_word' id='word_1_240' title='bbox 1017 3659 1222 3742; x_wconf 82' lang='lat' dir='ltr'><strong>manifestari,</strong></span> <span class='ocrx_word' id='word_1_241' title='bbox 1243 3660 1382 3724; x_wconf 82' lang='lat' dir='ltr'><strong>moribus</strong></span> 
     </span>
     <span class='ocr_line' id='line_1_31' title="bbox 340 3755 1383 3847; baseline 0.001 -23"><span class='ocrx_word' id='word_1_242' title='bbox 340 3768 372 3824; x_wconf 89' lang='lat' dir='ltr'><strong>et</strong></span> <span class='ocrx_word' id='word_1_243' title='bbox 385 3779 454 3844; x_wconf 74' lang='lat' dir='ltr'><strong>nau,</strong></span> <span class='ocrx_word' id='word_1_244' title='bbox 461 3755 560 3844; x_wconf 78' lang='lat' dir='ltr'><strong>pactio</strong></span> <span class='ocrx_word' id='word_1_245' title='bbox 570 3772 603 3828; x_wconf 82' lang='lat' dir='ltr'><strong>el</strong></span> <span class='ocrx_word' id='word_1_246' title='bbox 610 3764 801 3847; x_wconf 77' lang='lat' dir='ltr'><strong>foederibus,</strong></span> <span class='ocrx_word' id='word_1_247' title='bbox 810 3772 841 3828; x_wconf 90' lang='lat' dir='ltr'><strong>et</strong></span> <span class='ocrx_word' id='word_1_248' title='bbox 848 3765 937 3836; x_wconf 81' lang='lat' dir='ltr'><strong>tacita</strong></span> <span class='ocrx_word' id='word_1_249' title='bbox 950 3764 1174 3846; x_wconf 69' lang='lat' dir='ltr'><strong>approbatione</strong></span> <span class='ocrx_word' id='word_1_250' title='bbox 1184 3764 1267 3847; x_wconf 84' lang='lat' dir='ltr'><strong>juris</strong></span> <span class='ocrx_word' id='word_1_251' title='bbox 1281 3781 1383 3846; x_wconf 70' lang='lat' dir='ltr'><strong>regn-</strong></span> 
     </span>
     <span class='ocr_line' id='line_1_32' title="bbox 339 3864 1382 3950; baseline -0.002 -20"><span class='ocrx_word' id='word_1_252' title='bbox 339 3864 435 3930; x_wconf 79' lang='lat' dir='ltr'><strong>larnni</strong></span> <span class='ocrx_word' id='word_1_253' title='bbox 445 3868 671 3948; x_wconf 85' lang='lat' dir='ltr'><strong>aprudentibus</strong></span> <span class='ocrx_word' id='word_1_254' title='bbox 680 3888 720 3932; x_wconf 85' lang='lat' dir='ltr'><strong>ex</strong></span> <span class='ocrx_word' id='word_1_255' title='bbox 727 3869 801 3950; x_wconf 87' lang='lat' dir='ltr'><strong>ipsis</strong></span> <span class='ocrx_word' id='word_1_256' title='bbox 811 3887 915 3932; x_wconf 87' lang='lat' dir='ltr'><strong>rernm</strong></span> <span class='ocrx_word' id='word_1_257' title='bbox 923 3869 1024 3932; x_wconf 78' lang='lat' dir='ltr'><strong>causis</strong></span> <span class='ocrx_word' id='word_1_258' title='bbox 1033 3885 1090 3948; x_wconf 89' lang='lat' dir='ltr'><strong>per</strong></span> <span class='ocrx_word' id='word_1_259' title='bbox 1100 3869 1382 3950; x_wconf 68' lang='lat' dir='ltr'><strong>interpretationem</strong></span> 
     </span>
     <span class='ocr_line' id='line_1_33' title="bbox 341 3971 1381 4051; baseline 0.002 -19"><span class='ocrx_word' id='word_1_260' title='bbox 341 3978 373 4032; x_wconf 89' lang='lat' dir='ltr'><strong>et</strong></span> <span class='ocrx_word' id='word_1_261' title='bbox 388 3988 445 4051; x_wconf 91' lang='lat' dir='ltr'><strong>per</strong></span> <span class='ocrx_word' id='word_1_262' title='bbox 459 3973 718 4036; x_wconf 72' lang='lat' dir='ltr'><strong>ratiocinationem</strong></span> <span class='ocrx_word' id='word_1_263' title='bbox 734 3973 940 4038; x_wconf 85' lang='lat' dir='ltr'><strong>deductarum.</strong></span> <span class='ocrx_word' id='word_1_264' title='bbox 967 3971 1105 4050; x_wconf 81' lang='lat' dir='ltr'><strong>Foedera</strong></span> <span class='ocrx_word' id='word_1_265' title='bbox 1121 3980 1153 4034; x_wconf 91' lang='lat' dir='ltr'><strong>et</strong></span> <span class='ocrx_word' id='word_1_266' title='bbox 1162 3972 1381 4035; x_wconf 78' lang='lat' dir='ltr'><strong>conventiones</strong></span> 
     </span>
     <span class='ocr_line' id='line_1_34' title="bbox 338 4072 1381 4162; baseline 0.004 -28"><span class='ocrx_word' id='word_1_267' title='bbox 338 4072 373 4135; x_wconf 87' lang='lat' dir='ltr'><strong>in</strong></span> <span class='ocrx_word' id='word_1_268' title='bbox 387 4073 461 4155; x_wconf 75' lang='lat' dir='ltr'><strong>jure</strong></span> <span class='ocrx_word' id='word_1_269' title='bbox 476 4077 612 4157; x_wconf 79' lang='lat' dir='ltr'><strong>gentium</strong></span> <span class='ocrx_word' id='word_1_270' title='bbox 627 4075 730 4161; x_wconf 76' lang='lat' dir='ltr'><strong>legum</strong></span> <span class='ocrx_word' id='word_1_271' title='bbox 744 4076 844 4140; x_wconf 85' lang='lat' dir='ltr'><strong>vicem</strong></span> <span class='ocrx_word' id='word_1_272' title='bbox 865 4077 1010 4140; x_wconf 83' lang='lat' dir='ltr'><strong>obtinent.</strong></span> <span class='ocrx_word' id='word_1_273' title='bbox 1041 4075 1179 4162; x_wconf 75' lang='lat' dir='ltr'><strong>Regulae</strong></span> <span class='ocrx_word' id='word_1_274' title='bbox 1200 4076 1381 4143; x_wconf 84' lang='lat' dir='ltr'><strong>auctoritate</strong></span> 
     </span>
     <span class='ocr_line' id='line_1_35' title="bbox 341 4177 1382 4266; baseline 0.004 -26"><span class='ocrx_word' id='word_1_275' title='bbox 341 4177 523 4265; x_wconf 81' lang='lat' dir='ltr'><strong>prudentum</strong></span> <span class='ocrx_word' id='word_1_276' title='bbox 545 4189 703 4264; x_wconf 79' lang='lat' dir='ltr'><strong>receptae,</strong></span> <span class='ocrx_word' id='word_1_277' title='bbox 724 4181 750 4245; x_wconf 85' lang='lat' dir='ltr'><strong>si</strong></span> <span class='ocrx_word' id='word_1_278' title='bbox 769 4189 915 4246; x_wconf 85' lang='lat' dir='ltr'><strong>accurate</strong></span> <span class='ocrx_word' id='word_1_279' title='bbox 936 4199 977 4245; x_wconf 83' lang='lat' dir='ltr'><strong>ex</strong></span> <span class='ocrx_word' id='word_1_280' title='bbox 990 4181 1058 4264; x_wconf 83' lang='lat' dir='ltr'><strong>ipsa</strong></span> <span class='ocrx_word' id='word_1_281' title='bbox 1073 4199 1179 4266; x_wconf 81' lang='lat' dir='ltr'><strong>rerum</strong></span> <span class='ocrx_word' id='word_1_282' title='bbox 1194 4188 1305 4246; x_wconf 84' lang='lat' dir='ltr'><strong>nature</strong></span> <span class='ocrx_word' id='word_1_283' title='bbox 1321 4178 1382 4244; x_wconf 89' lang='lat' dir='ltr'><strong>de-</strong></span> 
     </span>
    </p>
   </div>
   <div class='ocr_carea' id='block_1_5' title="bbox 0 0 1568 5292">
    <p class='ocr_par' dir='ltr' id='par_1_7' title="bbox 0 0 1568 5292">
     <span class='ocr_line' id='line_1_36' title="bbox 0 0 1568 5292; baseline 0 0"><span class='ocrx_word' id='word_1_284' title='bbox 0 0 1568 5292; x_wconf 95' lang='lat' dir='ltr'><strong> </strong></span> 
     </span>
    </p>
   </div>
  </div>
 </body>
</html>
