3109 5292
829 511 875 578 88

334 695 472 778 quisquc,
486 695 546 760 nisr
538 691 737 775 specialiter
751 689 830 754 baec
843 689 973 756 facultas
987 688 1060 773 logo
1075 708 1105 753 or
1097 675 1239 754 alanta
1255 690 1304 769 ιιι,
1320 691 1376 774 jus

302 827 304 836 <
333 819 419 864 suum
434 799 591 862 abenare
582 819 602 861 ι
619 815 645 860 a.
660 798 690 860 in
706 795 797 859 alium
812 794 981 858 transferre
997 803 1108 878 potest.
1202 811 1206 818 ·

423 905 461 981 b)
484 904 607 968 Fruitur
630 909 730 965 autam
751 900 851 980 quiris
872 900 930 963 lrao
952 899 1093 965 libertate
1108 901 1186 964 intra
1197 901 1283 964 finos
1306 902 1374 984 ojus

333 1011 527 1094 provinciae,
552 1010 582 1070 in
602 1025 660 1088 qua
675 1008 747 1088 jure
768 1023 826 1068 sno
846 1006 887 1068 uti
911 1024 929 1067 a
949 1004 1070 1067 nantino
1091 1005 1232 1088 impartiri
1259 1007 1373 1088 possit3

331 1114 402 1178 indo
417 1114 491 1177 illud
507 1113 634 1176 dictum:
661 1111 731 1192 „qui
749 1111 822 1194 Juro
842 1127 901 1174 suo
919 1109 1013 1172 utitur
1027 1109 1099 1172 dolo
1113 1127 1224 1174 cararo
1239 1110 1372 1188 ιιιιιιιιι,

333 1238 389 1284 san
403 1219 515 1283 nomini
531 1217 604 1280 lacit
626 1216 794 1299 injurians«
834 1214 970 1294 Itemque
991 1221 1094 1295 potest
1111 1222 1164 1278 ιιι
1182 1213 1250 1295 ipsc
1269 1232 1310 1281 eo
1330 1215 1373 1276 uti

333 1331 384 1388 aut
399 1326 467 1406 ejus
482 1322 702 1385 exercitionem
718 1321 768 1383 alii
785 1321 880 1385 veluti
894 1320 1086 1401 procuratori
1103 1321 1300 1383 committere.

397 1444 429 1507 B.
452 1445 603 1521 Potestas,
621 1459 698 1523 quac
710 1441 774 1524 juri
791 1448 897 1503 nostro
913 1440 1002 1519 inest,

421 1555 456 1625 a)
480 1548 591 1632 agendi
612 1549 801 1621 facultatem
816 1545 903 1606 nobis
924 1545 1029 1607 tribuit
1051 1546 1068 1607 i.
1085 1563 1112 1607 c.
1138 1562 1175 1608 ca
1200 1545 1298 1608 omnia
1322 1543 1372 1607 ιι-

265 1723 267 1727 ,
333 1653 444 1732 ciendi,
460 1652 626 1730 omittendi,
643 1657 695 1714 aut
710 1648 860 1729 tabanui,
883 1667 1010 1730 quorum
1027 1656 1079 1713 aut
1091 1649 1304 1713 faciendorum
1320 1655 1372 1712 aut

332 1755 565 1821 omittendorurn
582 1763 632 1818 aut
647 1754 853 1818 habendorum
871 1753 998 1816 facultas
1015 1772 1053 1817 ao
1064 1757 1137 1838 J'ure
1154 1753 1222 1816 data
1239 1763 1295 1816 ast

418 1877 534 1940 Eodem
559 1876 647 1939 modo
671 1851 744 1938 licet
766 1878 795 1938 oi
817 1857 955 1939 omnibus
972 1875 1075 1940 utendi
1088 1877 1167 1958 juris
1183 1875 1370 1940 adminiculis

329 1983 384 2062 uti,
400 1982 509 2064 quibus
525 1981 600 2046 illud
615 1982 653 2045 ad
670 1983 786 2044 exitum
801 1982 930 2063 perduci
946 1983 1063 2064 nequit..

417 2087 454 2162 b)
478 2087 576 2149 llabet
587 2088 667 2171 juris
684 2087 811 2172 alicujus
822 2085 960 2150 dominus
972 2086 1218 2170 deindescrnper
1230 2095 1369 2170 potesta-

330 2198 390 2254 tem
405 2191 533 2273 abnuam
550 2199 601 2253 aut
615 2191 646 2253 in
663 2191 736 2254 alias
752 2209 902 2272 personas
926 2200 978 2254 aut
996 2192 1026 2252 in
1048 2209 1101 2254 res
1123 2202 1174 2255 aut
1193 2195 1225 2255 in
1239 2193 1317 2257 iacto
1334 2195 1370 2257 ab

331 2293 397 2359 aliis
413 2293 600 2377 praestanda.

398 2413 429 2478 0.
453 2413 651 2479 Necessitatis
675 2432 751 2478 vero
775 2414 929 2480 vincutum
952 2416 1003 2480 val
1022 2436 1122 2483 nexus
1142 2418 1171 2481 vi
1182 2418 1263 2500 juris
1283 2418 1371 2482 nobis

333 2520 532 2603 competentis
549 2528 580 2583 ct
595 2519 732 2602 reliquos
748 2518 976 2604 adstringentis,
993 2524 1105 2587 ambitu
1120 2521 1209 2586 modo
1226 2531 1258 2586 ot
1273 2522 1371 2608 ςιιιιιι

319 2627 444 2689 narium
461 2633 517 2688 est.
1322 2708 1325 2713 4

419 2735 454 2806 ι)
478 2729 553 2795 Sunt
569 2733 648 2795 anim
659 2733 740 2814 jura,
756 2749 834 2811 quaa
851 2749 967 2811 omnes,
982 2733 1153 2815 quicunque
1168 2741 1249 2813 sunt,
1272 2753 1371 2818 aequo

331 2819 420 2900 mollo
436 2853 493 2917 pro
509 2835 734 2898 inviolabilibus
750 2835 865 2899 habore
880 2845 1033 2918 tenentur,
1053 2839 1095 2902 ita
1109 2837 1239 2920 qudem,
1262 2849 1296 2904 ut
1310 2861 1374 2904 no·-

330 2941 402 3003 nnini
418 2941 458 3003 sit
473 2958 510 3002 aa
532 2940 722 3003 detrectandi
743 2941 878 3018 licentia;
902 2943 971 3016 alia,
982 2943 1100 3005 nonnisi
1124 2942 1270 3008 debitoris
1293 2963 1369 3028 par-

333 3058 437 3106 sonam
462 3042 654 3126 adstringunt
679 3042 717 3105 ιιι
734 3063 770 3108 ea
798 3047 967 3128 explenda,
993 3066 1070 3128 quae
1093 3049 1183 3111 nobis
1209 3049 1367 3112 dabantur.

331 3146 433 3220 Quare
456 3145 507 3208 illa
525 3149 597 3229 jura
627 3147 785 3228 absoluta,
812 3151 887 3212 baec
909 3154 1041 3212 rotatico
1064 3133 1256 3226 obtipctorio
1279 3151 1369 3217 bodio

332 3251 482 3316 dicuntur.

419 3355 457 3431 b)
481 3359 573 3418 Modo
583 3359 661 3441 Jnris
677 3359 796 3422 vincula
811 3360 889 3422 inter
903 3378 937 3422 se
954 3359 1096 3424 differunt
1112 3380 1159 3441 co,
1169 3361 1250 3444 quod
1268 3363 1369 3426 autad

331 3479 395 3523 raon
409 3463 606 3539 faciendum,
631 3471 684 3528 aut
707 3464 745 3528 ad
767 3465 965 3542 potiundam,
988 3472 1038 3526 aut
1058 3464 1096 3527 ad
1116 3469 1299 3541 faciendum
1314 3486 1369 3531 nos

331 3567 534 3650 adstringunt3
558 3567 629 3630 inde
645 3572 863 3646 nepotiooram
878 3579 908 3634 at
924 3571 1205 3646 affirmativam,
1221 3591 1302 3654 quaa
1319 3573 1368 3636 di-

331 3679 451 3749 cuntur,
467 3671 683 3754 obligationum
701 3672 882 3736 discrimina.

420 3779 456 3850 c)
475 3779 585 3837 Graan
599 3778 686 3842 uaria
702 3795 772 3840 esse
782 3778 840 3842 ista
850 3778 945 3843 officia
952 3780 1015 3861 jnn
1031 3778 1101 3842 indo
1111 3779 1245 3863 perspici
1258 3789 1369 3863 potest,

333 3878 413 3959 quod
425 3878 462 3940 ad
476 3897 512 3942 aa
529 3880 680 3962 explenda
694 3889 745 3945 aut
758 3885 893 3944 notionis
908 3891 960 3946 aut
975 3885 1164 3951 solummodo
1177 3887 1369 3962 concretionis

387 4103 413 4169 2)
431 4103 473 4153 Fr.
495 4105 552 4156 151.
570 4107 613 4158 Fr.
635 4108 692 4160 155.
711 4110 744 4160 D.
763 4112 807 4164 50.
829 4116 868 4162 17.
888 4111 939 4178 (Do
951 4129 1006 4182 rog.
1014 4113 1079 4179 jur.)

208 4952 1536 5286 ....--.ι
