3109 5292
652 541 695 610 23

153 721 244 803 οιίᾳηι
259 725 357 787 omnia
373 723 482 806 priuati
493 724 669 807 publicique
680 725 760 807 juris
774 725 912 790 instituta
927 725 1026 800 multis
1041 727 1188 793 ratiocin-

154 828 303 894 ationibus
324 836 383 893 tam
406 830 532 912 copiose
559 830 705 912 explicuit
732 839 851 914 tamque
876 840 1018 896 accurate
1045 832 1188 922 delinivit,

155 942 190 998 ut
205 942 314 998 cuncta
329 937 393 1018 ejus
414 935 524 1016 placita
545 953 580 1000 oc
601 935 741 1000 notiones
762 938 1038 1020 meuptpsieorum
1057 937 1187 1023 dogma-

156 1045 222 1104 tum
237 1041 369 1122 speciem
385 1040 498 1102 habere
514 1039 699 1104 viderentur.

185 1183 186 1188 κ
224 1145 278 1209 Est
297 1147 388 1231 igitur
407 1144 509 1208 Wotti
521 1147 572 1228 jus
587 1145 724 1209 naturale
741 1148 898 1211 concinnis
913 1146 1135 1215 delinitionibus
1151 1168 1188 1214 ac

157 1252 341 1316 necessariis
356 1251 521 1314 rationibus
537 1252 722 1330 conlectum,
746 1260 777 1314 et
791 1253 864 1315 licet
879 1271 984 1318 omnes
1000 1256 1091 1319 totius
1106 1257 1188 1320 uitae

158 1355 399 1430 necessitudines
414 1355 623 1438 amplectatur,
633 1357 780 1435 doctrina,
794 1376 871 1438 quae
887 1358 1005 1438 dicitur,
1021 1365 1190 1424 obstructa

158 1463 344 1541 continetur,
368 1463 452 1544 cujus
474 1479 618 1523 summam
638 1463 668 1524 in
690 1464 942 1530 instinctionibus
950 1467 1037 1538 juria
1051 1473 1190 1529 naturae

157 1574 190 1631 et
204 1568 343 1642 centium
357 1562 618 1630 ann01750-54
632 1566 721 1631 editis
737 1569 871 1650 exponit
893 1569 1074 1634 Universum
1089 1581 1190 1636 autem

152 1675 206 1756 jus
221 1673 357 1737 naturale
374 1673 533 1754 omniaque
549 1674 615 1756 ejus
626 1683 789 1756 praecepta
805 1675 842 1738 ab
857 1676 922 1757 ipsa
937 1676 1065 1741 bominis
1080 1686 1188 1742 natura

37 1815 43 1830 ·
154 1779 197 1842 ita
219 1778 372 1842 deducere
395 1777 508 1856 studet,
540 1785 573 1842 ut
594 1779 631 1842 ab
659 1780 899 1856 obligationibus
923 1783 1188 1864 (quemadmodum

156 1884 256 1948 officia
271 1901 382 1950 vocare
402 1884 514 1962 solet),
538 1883 575 1946 ad
596 1901 671 1966 quas
690 1885 858 1967 implendas
880 1889 1062 1952 conscientia
1084 1898 1189 1953 nostra

156 2010 233 2076 erga
248 1992 465 2074 nosmetipsos
481 1991 706 2074 adstringimur,
718 1995 788 2076 jura
804 1993 890 2065 nobis
905 1993 1055 2075 proticisci
1071 1993 1188 2074 doceat,

155 2116 236 2179 quae
258 2097 382 2172 laedere
403 2099 514 2162 nemini
536 2097 634 2162 liceat.
681 2099 735 2162 Est
761 2108 860 2163 autem
883 2099 996 2164 Wolfiii
1027 2101 1188 2183 disputatio

157 2202 227 2268 iere
243 2204 330 2267 baec:

226 2309 342 2374 „Homo
360 2327 406 2372 en
425 2326 554 2391 corpore
577 2311 700 2392 organis
724 2311 870 2375 instructo
894 2318 926 2374 et
949 2312 1045 2374 anima
1069 2310 1186 2374 radone

156 2415 294 2498 praedita
317 2422 446 2491 constan
477 2416 649 2489 innumeris,
667 2416 845 2477 actionibus
873 2417 964 2480 uitam
989 2434 1074 2481 suam
1103 2416 1187 2494 uiuit,

156 2522 275 2586 ratione
300 2539 335 2584 ac
357 2521 428 2604 lege
452 2527 577 2586 naturae
604 2521 793 2604 compulsus,
821 2529 856 2586 ut
878 2521 1078 2589 conditionem
1102 2538 1188 2585 suam

155 2628 293 2710 quotidie
308 2625 417 2692 reddat
432 2625 654 2708 perfectiorem.
691 2625 744 2688 Est
759 2627 853 2710 igitur
866 2627 943 2690 bueo
958 2644 992 2690 se
1006 2627 1188 2703 perficiendi

157 2734 303 2816 obligatio
327 2733 458 2796 omnium
478 2732 654 2795 naturalium
675 2730 890 2814 obligationum
910 2733 1035 2814 prima«
1075 2729 1131 2795 Cui
1155 2740 1188 2796 ut

157 2839 300 2904 satisfieri
314 2838 420 2922 possit,
437 2855 583 2900 concessa
600 2853 670 2900 esse
686 2836 797 2898 bomini
819 2836 908 2901 debet
930 2836 1055 2899 incultas
1078 2854 1116 2900 ea
1137 2836 1186 2900 ia-

157 2944 275 3023 ciendi,
299 2946 364 3008 sine
388 2943 496 3024 quibus
516 2943 635 3025 expleri
654 2943 704 3006 illa
724 2943 838 3024 nequit.
876 2941 926 3006 Sic
945 2961 986 3005 ex
1004 2960 1120 3005 summa
1134 2942 1186 3005 illa

156 3050 338 3133 obligatione
353 3057 489 3130 tanquam
505 3047 587 3112 fonte
604 3045 760 3110 derivatur
771 3048 823 3129 jus
839 3055 898 3110 tam
914 3047 953 3112 ad
967 3065 1054 3112 usum
1070 3067 1185 3127 rerum,

31 3146 35 3150 ¹
156 3175 246 3238 quam
263 3155 300 3218 ad
317 3163 416 3218 certos
441 3163 525 3219 actus
547 3155 711 3237 pertinens
750 3153 850 3226 Quum
870 3163 969 3217 autem
989 3154 1125 3216 homines
1144 3154 1186 3216 ita

156 3262 322 3344 comparati
338 3262 396 3324 sint
410 3268 526 3338 natura,
549 3267 583 3323 ut
597 3268 658 3322 tum
674 3258 808 3338 demum,
830 3277 919 3340 quum
935 3276 1106 3322 communes
1122 3259 1186 3323 uti·

156 3368 257 3435 litotes
272 3367 303 3434 io
319 3365 449 3430 medium
465 3364 602 3444 atterant,
616 3364 839 3446 mutationeque
855 3365 1018 3429 officiorum
1033 3365 1093 3447 ipsi
1108 3365 1186 3426 inter
1232 3345 1234 3348 ⁵
1306 3383 1309 3386 ⁴

157 3490 190 3536 se
207 3472 274 3536 aliis
290 3470 341 3534 alii
354 3469 519 3534 subsidium
535 3470 819 3551 ierant,nervisque
836 3471 976 3534 omnibus
993 3469 1185 3548 contendant,

157 3578 321 3660 pervenire
344 3575 382 3639 ad
404 3578 621 3658 perlectionem
646 3577 777 3659 possint,
809 3582 915 3639 nutura
943 3576 1009 3658 ipsu
1033 3575 1185 3637 bominum

156 3684 252 3746 officia
268 3701 343 3766 erga
359 3689 455 3744 semet
470 3683 553 3765 ipsos
567 3685 742 3747 arctissimis
763 3682 891 3745 vinculis
907 3701 974 3744 cum
990 3681 1094 3745 obleiis
1109 3699 1185 3764 erga

157 3790 232 3854 ulios
248 3787 410 3872 copulavit,
425 3789 511 3854 itaut
527 3789 559 3852 iu
573 3788 647 3852 alius
663 3788 769 3854 eadem
785 3789 825 3850 sit
840 3787 984 3871 obligatio
998 3787 1183 3864 necessaria,

157 3895 281 3978 quaein
298 3911 332 3956 se
348 3893 545 3958 immutabilis.
566 3931 607 3942 -
631 3895 681 3959 Sin
703 3901 801 3958 autem
821 3893 970 3974 quaedam.
987 3891 1083 3955 osslcia
1104 3908 1184 3953 non-

156 4001 215 4063 nisi
239 4018 306 4063 oum
329 3999 434 4063 damno
458 4006 488 4062 et
509 3999 698 4064 incommodo
723 4018 848 4064 sucrum
870 4001 1004 4081 ipsorum
1025 4005 1183 4079 praestare

157 4104 294 4168 homines
309 4112 446 4186 possunt,
471 4105 536 4168 aliis
551 4104 601 4168 illa
618 4107 736 4169 minime
754 4106 880 4183 debent3
904 4104 1012 4169 eadem
1031 4121 1084 4168 res
1099 4103 1184 4166 aeci-

160 4209 203 4274 dit
225 4212 255 4274 in
278 4211 332 4289 iis,
363 4213 472 4293 quibus
497 4210 622 4277 facultas
654 4212 860 4277 satisfaciundi
891 4211 993 4275 officiis
1021 4210 1105 4275 nulla
1127 4215 1183 4274 est.
