3109 5292
667 537 708 606 li

239 717 346 784 Positis
372 719 457 784 lisce
483 719 617 783 universi
636 718 714 803 Jurls
736 719 937 784 fundamentis
960 717 1082 784 Grotius
1109 723 1200 782 totam

170 823 247 909 juris
261 826 372 908 priuati
381 843 418 889 ac
432 826 543 908 publici
558 827 743 908 provinciam
758 825 958 908 perlustrans,
965 826 1094 908 monint,
1101 842 1201 907 qnae

174 949 242 996 nam
257 932 318 996 sint
334 949 461 1012 causae,
485 931 655 1014 exquibus
678 932 717 995 ab
739 930 848 994 violata
866 931 936 1014 jura
957 931 1068 995 lacllunr
1085 932 1201 1014 justum

174 1049 245 1100 esse
259 1039 357 1120 possit
372 1037 451 1114 (Lib.
460 1036 514 1118 tl),
530 1045 683 1120 postrema
698 1035 779 1113 (Lib.
789 1035 857 1117 lll),
873 1037 944 1119 quid
959 1037 989 1099 in
1003 1035 1085 1099 bello
1100 1036 1202 1114 liceat,

175 1142 248 1224 quid
262 1143 345 1207 non?

243 1246 375 1312 Gratim
390 1245 530 1329 permulti
545 1247 727 1329 scriptores,
747 1249 926 1312 sententiani
942 1249 1009 1332 eJus
1028 1247 1202 1330 approbari·

173 1361 232 1434 tes,
255 1355 352 1420 secuti
368 1363 447 1434 sunt,
463 1355 525 1436 qui,
540 1371 633 1436 quum
648 1356 858 1416 socialitatem
871 1354 924 1416 ille
939 1371 997 1436 prc
1012 1371 1130 1418 summo
1144 1351 1203 1416 lra-

174 1460 263 1523 herct
278 1461 357 1544 Juris
384 1460 549 1543 principia,
577 1459 823 1524 sodaliciorum
850 1464 958 1522 aelicta
979 1477 1004 1524 s.
1024 1461 1205 1522 cociatiatae

173 1564 322 1648 appellari
337 1564 445 1629 solent.

239 1669 321 1734 Vere
345 1677 447 1734 autern
462 1671 488 1734 si
501 1671 642 1736 volumus
660 1671 800 1754 judicare
816 1671 855 1734 de
871 1669 966 1734 Gratii
986 1669 1130 1749 doctrina,
1153 1669 1204 1733 la-

174 1775 297 1840 tendum
313 1785 369 1857 est,
385 1776 463 1841 lalso
480 1797 549 1846 cuna
561 1778 636 1861 justi
652 1778 805 1842 notionem
821 1796 861 1840 er
875 1783 978 1840 natura
994 1775 1128 1840 sociabili
1143 1793 1205 1838 ex-

175 1881 282 1964 plicari
297 1899 389 1965 passa
405 1884 592 1948 existimasse
598 1905 607 1962 ;
631 1884 703 1950 licet
719 1885 798 1947 enirn
813 1884 921 1968 negari
936 1891 1076 1966 nequeat,
1097 1898 1204 1946 ornnes

175 1987 328 2052 hominurn
350 1989 575 2054 communitates
596 2009 636 2053 cx
660 1991 864 2054 „socialitates
882 2007 952 2053 esse
968 1987 1125 2067 oriundas,
1147 2005 1206 2050 nec

175 2095 265 2160 ullam
286 2113 377 2178 posse
398 2097 463 2158 sine
485 2095 562 2179 juris
583 2097 719 2160 custodia
740 2096 875 2176 servari,
896 2104 1008 2160 tamen
1014 2095 1089 2179 justi
1103 2113 1140 2157 ac
1154 2096 1207 2156 in-

171 2201 245 2284 justi
260 2200 443 2264 secernendi
459 2219 568 2265 sensus
582 2210 674 2284 atque
685 2201 811 2266 incultas
826 2218 886 2266 non
901 2198 1054 2266 societatis
1070 2201 1205 2284 appetitu

175 2306 358 2384 continetur3
382 2305 437 2370 sed
456 2306 514 2370 alla
534 2307 658 2372 rationis
678 2327 714 2372 uc
734 2309 894 2372 voluntatis
914 2308 1079 2391 propensio
1095 2315 1152 2386 est,
1175 2306 1205 2369 id

176 2412 326 2491 adiciens,
356 2411 562 2491 unamines,
593 2413 681 2476 simul
709 2419 800 2495 atque
828 2420 1074 2497 congregantur,
1100 2411 1207 2474 morali

177 2515 305 2598 quadani
322 2516 506 2580 necessitate
522 2516 741 2612 compellantur
756 2536 861 2580 omnes
877 2517 914 2580 ad
930 2516 1150 2582 observandum
1164 2517 1206 2580 il·'

177 2622 228 2686 lud
248 2630 462 2706 praeceptum,
486 2622 593 2703 cuique
614 2625 700 2684 suum
721 2621 875 2686 tribuere·
902 2622 1020 2685 Deinde
1034 2620 1206 2704 reprehen-

178 2727 293 2792 dendus
303 2727 424 2792 Grotius
441 2727 529 2793 etiarn
544 2724 582 2790 ab
598 2727 638 2806 id,
655 2725 737 2809 quad
753 2727 867 2810 duplex
878 2729 930 2811 jus
941 2726 1078 2791 naturale
1093 2727 1206 2806 statuit,

179 2841 210 2896 ct
225 2833 360 2897 actiones
371 2847 492 2912 amnes,
515 2851 593 2914 quae
608 2853 625 2896 a
641 2833 758 2896 ratione
774 2834 996 2916 improbantur,
1016 2851 1073 2916 pra
1088 2833 1206 2916 injustis

177 2937 367 3019 habetlicet
381 2939 485 3002 sociali
499 2938 625 3002 hominis
641 2938 746 3002 rationi
762 2957 822 3002 non
837 2945 1024 3024 repugnent3
1047 2958 1116 3002 nam
1132 2951 1206 3002 cer·

177 3053 241 3109 tum
261 3052 323 3123 cst,
347 3063 414 3108 cunr
429 3047 498 3128 jura
517 3045 644 3108 aliorum
664 3045 700 3108 ils
722 3063 783 3109 non
803 3045 977 3127 laedantur,
999 3063 1053 3109 eas
1073 3045 1208 3109 nonnisi

178 3152 287 3216 noxias
303 3159 354 3214 aut
369 3151 518 3215 honestati
534 3151 699 3214 cannarias
716 3153 852 3216 actiones
866 3169 948 3216 esse.

246 3255 295 3320 loc.
319 3257 413 3320 Gratii
430 3258 467 3321 de
480 3258 551 3338 jure
566 3257 693 3322 nummii
708 3257 841 3322 doctrina
857 3277 874 3320 a
889 3256 1090 3322 Pudendorllc
1105 3256 1135 3333 1)
1150 3274 1206 3319 re-

178 3370 315 3444 tractata,
338 3363 508 3427 accuratius
524 3361 652 3442 delinita,
668 3363 699 3425 in
715 3363 833 3427 facilem
850 3363 922 3428 artis
938 3362 1073 3426 ordinem
1089 3370 1137 3426 cst
1150 3379 1206 3424 re·

160 3467 264 3533 decla
283 3470 315 3532 in
337 3486 431 3551 apere
452 3473 597 3548 extenso,
624 3467 764 3551 quoddc
780 3471 852 3553 jure
872 3476 998 3534 naturae
1020 3477 1052 3532 et
1073 3468 1207 3552 gentium
1270 3453 1273 3457 ’

178 3576 308 3658 primunr
323 3592 401 3639 anno
418 3570 514 3653 lota,
538 3575 726 3640 emendatum
744 3573 830 3638 1684
843 3575 948 3655 edidit,
964 3593 1059 3658 quare
1074 3594 1092 3637 a
1107 3574 1206 3638 multis

177 3699 269 3764 supra
285 3679 419 3744 Gentium
436 3679 646 3744 extollebatur.
669 3679 736 3744 Alia
752 3699 829 3746 acro
845 3683 912 3766 ejus
928 3689 984 3761 cst,
999 3699 1089 3762 quam
1100 3678 1205 3758 Gradi,

178 3783 218 3850 de
233 3785 334 3851 sociali
349 3785 500 3848 horninum
516 3793 622 3848 natura
639 3787 748 3869 opinio.
771 3784 847 3850 Cum
863 3787 942 3849 enim
957 3785 1145 3863 Helbesus,
1168 3783 1207 3846 dc

178 3909 239 3976 quo
253 3892 392 3976 proxime
407 3888 514 3953 dicturi
529 3908 643 3972 sumus,
667 3893 803 3957 homines
818 3893 849 3954 in
864 3898 945 3970 statu
959 3891 1102 3970 naturali,
1118 3907 1206 3972 quern

233 4053 257 4120 1)
276 4053 301 4104 S.
320 4053 490 4104 Puffcndorfii
507 4053 539 4104 dc
558 4055 619 4119 jure
636 4059 746 4106 naturae
765 4060 792 4104 ct
809 4055 928 4121 gentium
945 4052 1009 4106 libri
1026 4053 1098 4105 VIII.
1123 4052 1206 4105 Lond.

175 4140 272 4198 stand.
300 4145 378 4204 17723
407 4141 535 4193 amendat.
567 4141 628 4192 edit.
657 4157 717 4193 cum
741 4143 813 4194 notis
834 4143 933 4205 Hamil,
963 4142 1133 4210 Barbeyracii
1158 4141 1206 4191 dac.

177 4230 300 4283 hancei.
313 4235 339 4281 ct
350 4231 456 4298 Lipsiae
471 4234 545 4284 1744.
559 4234 574 4282 t
587 4231 618 4282 V.
631 4234 656 4282 4.
1021 4228 1028 4240 '

899 4320 997 4386 ,2,
