3109 5292
830 565 895 634 tta

343 749 537 834 respublica,
558 756 593 811 ut
616 748 827 830 unmqnisque
842 748 958 814 virium
983 765 1107 812 suerum
1123 748 1292 830 perieulum
1307 748 1389 814 iutra

342 857 449 937 possit,
457 873 517 918 neo
525 853 776 918 industriae-suae
785 853 930 934 praemiis
938 853 978 916 alt
987 852 1053 916 aliis
1069 853 1220 916 immerito
1235 854 1386 934 privetur.

432 964 468 1034 c)
491 958 566 1022 Tota
590 959 719 1040 alicujus
742 959 849 1040 populi
871 959 1059 1040 prosperitus
1081 976 1141 1020 uon
1165 959 1225 1020 uisi
1252 959 1384 1024 omnium

342 1063 490 1128 industrie
516 1062 688 1144 prudenter
711 1061 803 1126 ductu
828 1070 859 1124 ct
879 1070 1048 1143 temperata
1072 1062 1193 1127 servari
1217 1071 1251 1124 et
1272 1063 1383 1145 augeri

342 1175 453 1250 potest.
491 1166 567 1230 Sunt
586 1167 739 1229 naturales
758 1165 907 1247 quaedam
933 1167 1135 1234 crescentium
1157 1175 1215 1230 ant·
1230 1166 1384 1231 descren-

341 1274 415 1336 tien
431 1274 533 1354 opium
548 1271 653 1353 leges,
675 1290 755 1352 quae
774 1273 896 1354 impune
917 1289 976 1334 neo
991 1292 1010 1335 e
1024 1273 1156 1355 singulis
1169 1291 1227 1336 neo
1241 1293 1261 1336 a
1277 1273 1398 1354 populi·

342 1376 542 1438 universitate
557 1381 797 1438 contemnuntur.
820 1375 886 1438 Nec
896 1377 1093 1459 ergosufflcit
1107 1377 1188 1440 bona
1203 1377 1384 1458 acquirendi

343 1478 517 1543 facultatem
528 1481 599 1562 jure
616 1487 831 1558 amecurtem,
846 1497 954 1542 verum
969 1481 1011 1543 ita
1026 1481 1245 1562 rempublicam
1262 1482 1384 1564 guber·-

342 1585 410 1648 nari
430 1591 570 1666 oportet,
594 1591 709 1647 utnon
728 1585 827 1649 solum
852 1585 1008 1668 gravioris
1034 1587 1165 1648 omnium
1194 1585 1384 1667 paupertatis

268 1759 270 1761 .
343 1688 498 1751 calamitas
523 1692 633 1769 (quam
651 1685 886 1765 paupertatem
904 1689 1024 1764 dicunt)
1047 1697 1242 1767 occurretur,
1274 1707 1383 1753 verum

343 1792 431 1856 etiarn
453 1801 487 1856 ut
508 1793 601 1856 totius
621 1794 724 1874 populi
745 1811 822 1875 opes
843 1802 1023 1876 augeantur.
1061 1793 1268 1856 Dominiorum
1289 1793 1385 1876 igitur

342 1897 422 1959 bene
437 1895 717 1961 cmsdtuendomm
733 1897 942 1978 quaestionem
958 1899 1219 1976 emistrianum
1230 1897 1385 1958 utilitatis

343 2018 414 2064 esee
429 2001 622 2064 menifestum
637 2010 695 2064 est.
717 2001 880 2082 lleputebit
896 2000 965 2078 hoc,
982 2001 1033 2081 qui
1049 2017 1145 2087 nosse
1158 2001 1252 2081 eupit,
1268 2018 1307 2064 en
1321 2000 1384 2064 do-

342 2106 502 2168 miniorum
523 2105 710 2187 privatorum
733 2105 917 2170 distinctioni
938 2106 1070 2168 uranium
1090 2107 1279 2170 fortunarum
1296 2125 1385 2170 cotu-

342 2208 473 2270 munitus
487 2209 528 2270 sit
543 2207 747 2288 praeferenda
762 2191 814 2273 vel
831 2218 946 2272 contra.

409 2308 462 2374 93.
485 2311 627 2384 Quemvis
648 2314 839 2378 verissimum
859 2317 908 2394 sit,
929 2333 970 2377 ex
992 2315 1043 2378 illo
1059 2331 1163 2378 rerum
1179 2315 1287 2380 ordine
1306 2335 1384 2400 pro·

343 2414 454 2478 tectam
470 2431 541 2478 esse
557 2416 790 2481 intollerabilem
812 2419 880 2482 lere
905 2421 985 2482 inter
1004 2419 1135 2498 divites,
1159 2437 1288 2500 quorum
1312 2423 1385 2485 exi·

344 2535 435 2602 gnus
451 2526 483 2580 et
497 2526 641 2601 egentes,
655 2539 785 2600 quorum
800 2524 909 2608 ingens
928 2533 976 2588 est
990 2543 1151 2604 numerus,
1168 2526 1317 2592 honorum
1332 2530 1385 2592 in·

320 2689 322 2692 ,
344 2622 570 2704 aequalitatem,
590 2623 663 2686 lieet
677 2627 766 2689 otiosi
788 2629 908 2709 plurimi
928 2630 1052 2712 inopum
1073 2630 1235 2696 sudoribus
1252 2641 1282 2696 et
1297 2635 1383 2714 quasi

343 2728 493 2809 sanguine
507 2729 615 2790 vivere
630 2729 805 2812 videantur,
828 2733 898 2796 dum
914 2735 1017 2796 miseri
1033 2735 1064 2796 lri
1079 2735 1172 2798 rebus
1188 2737 1244 2800 silvi
1261 2739 1386 2802 omuino

343 2833 526 2896 necessariis
548 2834 728 2913 saepissime
751 2842 887 2914 careaot3
908 2838 1069 2902 nilominus
1090 2838 1291 2905 dominiorum
1314 2845 1383 2924 pri·-

343 2943 483 3000 vetorum
497 2935 650 3000 distinctio
665 2942 868 3018 praestantior
883 2941 1010 3006 dicende
1026 2951 1082 3022 est,
1105 2949 1284 3025 praesertim
1301 2965 1383 3030 que-

343 3039 424 3103 niam
444 3039 518 3102 licet
539 3039 718 3119 imperfecte
739 3043 837 3107 edhuo
855 3054 886 3108 et
906 3047 1015 3110 vitiosa
1035 3049 1152 3130 corrigi
1173 3057 1204 3111 et
1223 3052 1254 3114 in
1274 3054 1382 3116 melius

344 3144 452 3206 mutari
464 3149 582 3222 potest3
595 3145 676 3224 quod
683 3148 747 3228 jam
756 3149 889 3230 probare
905 3168 1120 3233 properemus,
1134 3153 1383 3220 demonstrando:

344 3246 506 3310 constituta
521 3249 661 3328 generali
676 3250 824 3316 bonorum
840 3258 1053 3319 communione
1074 3259 1196 3320 minime
1218 3259 1381 3338 commode,

344 3350 382 3414 alt
395 3367 434 3412 ea
449 3357 582 3431 sperate,
592 3357 799 3435 exspectanda
817 3375 896 3437 esse,
914 3359 1035 3422 dominii
1050 3379 1128 3424 vero
1143 3363 1252 3444 privati
1267 3363 1383 3426 minore

343 3472 433 3534 quern
454 3454 536 3518 illius
556 3473 627 3518 esse
642 3459 720 3523 mala
735 3468 768 3522 et
784 3462 930 3542 pericula.
968 3463 1028 3536 Qut
1048 3466 1169 3528 nonnisi
1189 3469 1381 3546 superiorum

340 3561 432 3642 jussu
446 3558 600 3622 tatoribus
615 3560 853 3645 adstringuntur,
866 3583 926 3628 non
940 3584 979 3629 oo
996 3568 1093 3630 animo
1109 3569 1202 3632 alacri
1217 3589 1318 3652 eaque
1333 3573 1383 3636 di·

342 3663 469 3745 ligentie
483 3665 607 3745 negotia
628 3667 778 3749 expedire
798 3669 911 3748 solent,
937 3688 1026 3751 quam
1048 3673 1176 3754 quispe
1197 3674 1276 3737 lueri
1299 3676 1383 3740 ducti

343 3775 451 3848 sponte
474 3784 511 3829 ea
532 3770 713 3850 suscipiunt3
742 3771 959 3838 difficilioribus
984 3776 1128 3838 oneribus
1152 3777 1287 3842 liberare
1311 3798 1382 3844 sese

331 3868 500 3934 studerent
515 3875 783 3951 omnentnsoeios
793 3895 830 3940 ee
842 3878 1047 3942 revolventes
1070 3879 1164 3944 Deest
1179 3882 1230 3946 ille
1246 3884 1381 3963 libertas,

343 3973 410 4036 sine
426 3992 485 4056 que
499 3991 590 4038 nemo
605 3986 689 4041 sorte
703 3997 760 4042 sua
782 3987 957 4044 contentum
976 3999 1011 4044 se
1028 3985 1132 4064 senat,
1157 3994 1188 4049 et
1207 4005 1275 4051 eum
1296 3995 1381 4050 com·

343 4079 449 4140 munio
463 4078 617 4140 sitmutcr
631 4085 781 4144 mserum
794 4084 907 4149 frustra
916 4095 1154 4168 exspectaretur
1170 4092 1298 4171 pacifice
1312 4111 1381 4156 out·

343 4179 430 4243 nium·
448 4181 591 4246 societas.
630 4185 747 4259 Quodsi
765 4187 828 4267 jam
850 4189 1053 4256 difficillimum
1076 4193 1131 4270 sit,
1154 4198 1380 4260 communitates
