3109 5292
676 575 721 643 te

180 741 285 820 rerum
303 755 361 819 sihi
376 755 566 838 propriarum
582 758 795 838 possessione,
816 771 858 818 ex
872 755 925 818 illa
939 753 1141 817 dominiorum
1151 757 1222 837 jara

179 861 361 924 necessario
376 861 461 922 nasci
477 861 678 942 perspicuum
693 867 754 923 est:
779 875 885 922 eorum
901 857 1009 922 limites
1024 865 1129 921 mutuo
1144 875 1222 922 con·

180 982 276 1028 sensu
291 963 474 1027 definiuntur
490 971 521 1028 et
536 983 577 1028 ex
599 965 724 1030 arbitrio
749 963 936 1027 dominorum
955 969 1117 1026 mutentur.
1144 962 1222 1026 Uni·-

180 1085 293 1131 rersee
308 1069 402 1150 igitur
416 1068 493 1150 juris
510 1067 666 1132 doctrinae
682 1069 796 1150 triplex
811 1067 922 1130 divisio
937 1074 994 1146 est,
1010 1085 1078 1130 cum
1093 1067 1223 1150 primurn

183 1171 220 1234 ad
235 1189 388 1248 percurras
394 1215 404 1247 ,
429 1179 492 1234 tum
507 1173 544 1236 ad
558 1191 627 1249 rer,
652 1171 761 1235 deinde
786 1171 823 1234 ad
847 1173 1065 1232 connectione·
1089 1178 1223 1253 spectet;

183 1277 249 1358 ejus
265 1281 366 1338 eutem
383 1278 567 1340 contrarium
583 1278 613 1341 in
629 1277 749 1350 injuria
766 1276 911 1355 cernitur,
928 1293 1006 1356 qnae
1022 1281 1074 1338 aut
1086 1292 1148 1338 non
1162 1293 1223 1338 uo-

180 1379 312 1442 lunturia
329 1381 409 1462 juris
433 1379 524 1445 alieni
547 1380 744 1444 contrectatio
765 1387 830 1458 est,
852 1388 904 1442 aut
924 1379 1030 1442 dolosa
1053 1379 1150 1442 laesio
1173 1386 1225 1442 aut

182 1483 312 1560 crimen3
327 1483 420 1557 iliam-¹,
427 1483 526 1546 damni
541 1485 749 1566 reparatione,
762 1483 821 1546 hcc
830 1500 927 1565 poena
940 1482 1006 1545 tolli
1020 1499 1152 1545 necesse
1167 1489 1224 1545 est

248 1587 297 1650 Ex
313 1587 413 1650 ultera
429 1587 552 1670 Hegelii
565 1589 646 1670 Juris
660 1587 868 1670 philosophiae
883 1593 972 1668 purte
986 1585 1046 1648 hoc
1059 1603 1152 1648 unum
1166 1603 1225 1647 ur·

182 1693 315 1775 gendum
331 1691 404 1754 mihi
420 1709 491 1755 esse
507 1693 630 1756 videtur
648 1692 687 1770 ¹),
710 1693 794 1773 quod
808 1691 981 1755 officiorum
996 1690 1155 1753 moralium
1169 1707 1225 1752 ar-

183 1803 361 1878 gementum
381 1797 427 1858 sic
449 1795 607 1876 definitur,
629 1805 663 1860 ut
683 1798 779 1864 dicut:
801 1799 908 1870 jacim
931 1801 1013 1875 esto,
1037 1803 1069 1858 et
1091 1797 1226 1856 medem

181 1907 242 1963 tam
257 1909 339 1964 taam
354 1901 460 1982 ipsius,
476 1919 566 1982 quam
585 1901 728 1982 aliorum,
749 1909 898 1983 qnatenus
912 1906 1017 1982 potes,
1039 1917 1152 1960 curum
1171 1897 1226 1960 tihi

181 2004 296 2068 hahere
312 2013 471 2068 memento.

249 2109 283 2172 in
304 2110 394 2172 tertia
418 2110 487 2172 libri
513 2111 560 2172 sui
583 2117 670 2190 purte
693 2115 801 2172 auctor
823 2107 960 2190 singutas
982 2104 1225 2168 communitatum

183 2211 298 2276 formas
326 2221 416 2294 utque
440 2213 575 2276 instituta
606 2213 768 2295 investigat
793 2221 908 2292 easque
933 2219 994 2273 tam
1011 2210 1105 2293 puris,
1136 2226 1226 2289 quam

182 2316 364 2380 moralitatis
387 2317 504 2380 ratione
527 2317 625 2379 habita
646 2317 820 2380 accuratius
844 2315 949 2378 definit
971 2323 1062 2395 atquc
1084 2313 1225 2391 illustrat,

183 2433 221 2482 ac
236 2421 362 2501 primurn
375 2419 500 2501 quidem
516 2419 648 2482 familiae
668 2421 837 2499 vinculum,
858 2437 937 2500 qnae
960 2435 1001 2480 ex
1019 2417 1111 2480 maris
1126 2424 1159 2478 et
1173 2416 1225 2478 ie-

182 2525 283 2587 minae
309 2525 524 2606 conjunctione
546 2521 762 2606 proficiscitur,
790 2532 853 2585 tum
877 2524 1039 2584 societatis
1062 2521 1160 2583 civilis
1183 2537 1226 2582 ert

164 2627 337 2710 ,hominum
355 2629 549 2692 commerciis
566 2635 655 2708 etque
671 2627 876 2689 oeconomicis
896 2625 1051 2688 laboribus
1070 2624 1226 2686 ordientes

183 2731 439 2811 necessitudines,
456 2731 527 2795 dein
542 2732 850 2806 renrmpotttcaram
864 2730 1125 2806 constitutionem,
1145 2745 1226 2808 quae

185 2843 245 2898 tum
261 2836 300 2898 ad
315 2838 467 2900 internum
483 2838 502 2898 i.
518 2855 544 2898 e.
561 2836 691 2899 civitatis
707 2834 843 2898 ordinem
860 2842 892 2897 et
906 2834 1060 2916 regimen,
1082 2850 1170 2914 quarn
1187 2830 1225 2895 ud

185 2947 346 3002 externum
362 2943 380 3002 i.
397 2959 424 3002 e.
442 2957 494 3003 eas
511 2941 644 3002 rationes
661 2945 790 3020 spectet,
811 2957 891 3020 quae
906 2939 986 3000 inter
1000 2938 1133 3020 populos
1152 2955 1170 3000 a
1190 2953 1226 3000 se

186 3041 351 3125 disjunctos
372 3043 573 3106 intercedunt
613 3043 767 3106 Postremo
792 3043 924 3106 divinam
951 3043 1078 3125 generis
1106 3041 1226 3104 humaui

185 3147 438 3228 gubernationem
454 3149 483 3208 in
499 3141 646 3211 universa
660 3148 727 3229 ejus
743 3147 869 3210 historie
884 3147 1078 3228 conspicuam
1094 3146 1225 3223 intuens,

185 3251 287 3314 studet
301 3250 532 3329 demonstrare,
554 3258 699 3312 aeternae
715 3251 842 3312 rationis
857 3250 1016 3332 imperium
1032 3250 1064 3310 in
1082 3247 1225 3331 augendo

186 3353 266 3435 apud
280 3355 383 3418 varias
399 3362 502 3418 terrae
523 3361 632 3436 gentes
653 3354 738 3416 cultu
759 3361 849 3434 atque
870 3353 1054 3417 humanitate
1073 3360 1225 3435 perpetuo

186 3475 329 3522 crescere
346 3457 388 3534 ²).
567 3453 568 3458 ’

226 3631 273 3690 Dc
300 3630 399 3688 ceteris
425 3630 526 3688 amatis
552 3637 667 3688 noemae
687 3628 767 3703 juris
787 3629 989 3706 phihsophicc
1008 3627 1185 3688 tentamentis

590 3723 810 3784 conditionibus.

253 3854 306 3919 30.
337 3855 423 3920 Nova
453 3863 522 3937 post
548 3856 709 3938 Hegelium
733 3855 811 3937 juris
836 3854 983 3917 naturalis
1012 3861 1176 3935 systemata
1206 3871 1225 3915 a

184 3967 310 4024 nostrae
331 3960 438 4023 aetatis
459 3959 646 4041 philosophis
663 3958 829 4041 proposita,
845 3960 963 4021 nonnisi
980 3959 1086 4041 paucis
1109 3956 1224 4040 adpro-

241 4103 267 4170 1)
285 4102 401 4168 Hegeh
419 4103 578 4156 thurrecht
596 4105 618 4166 ξ.
642 4105 699 4153 134.

240 4192 267 4258 i)
286 4192 355 4244 Ibid.
374 4194 397 4255 5.
416 4193 565 4243 cdl—ecc.

185 4293 369 4346 wutukint&
384 4295 576 4350 philosa'urisliu
595 4295 630 4338 od.
644 4296 666 4336 2.
990 4273 1014 4338 4
