3109 5292
672 539 711 614 tt

177 742 237 800 nou
257 725 359 800 tuluu
376 723 463 809 unni
483 720 659 804 chrictiani,
681 723 826 796 societate
846 726 1016 810 conjuncti,
1038 725 1118 797 bona
1137 724 1205 796 ior·

177 840 330 914 tunasque
350 849 421 900 suas
443 848 549 900 onnes
570 849 674 896 secun
698 832 921 903 communicare
945 834 1120 917 coeperint,
1149 829 1205 900 aad

178 940 267 1012 etiarn
281 939 376 1024 longe
389 947 494 1022 postca
508 937 825 1006 Sanctnsnntrosins
841 940 935 1020 „nibil
949 958 1020 1005 esse
1034 939 1205 1023 priuatunr“

177 1047 323 1127 doceret,
350 1065 420 1114 curn
441 1056 549 1112 natum
570 1047 668 1112 omnia
689 1046 827 1112 omnibus
849 1045 889 1113 ad
910 1064 1097 1116 mmmuoern
1117 1063 1205 1115 usum

177 1151 367 1237 profudisset
383 1152 421 1230 ¹).
458 1152 547 1229 Quod
566 1152 670 1218 attinet
689 1153 726 1217 ad
752 1151 942 1218 ethnicorum
958 1152 1206 1236 pbilosophorum

177 1261 356 1344 opiniones,
382 1260 544 1342 primorum
568 1259 717 1324 ccclesiae
740 1266 857 1342 patrum
878 1258 943 1338 alii,
970 1265 1004 1323 ut
1025 1258 1206 1337 Lactantius,

177 1383 230 1436 ess
246 1367 370 1436 omniuo
386 1364 622 1448 sonorosoque
638 1363 820 1449 rejiciendas
835 1382 907 1428 case
924 1363 1125 1444 tradiderunt,
1147 1363 1206 1442 alii,

176 1470 316 1554 inprimis
333 1470 459 1542 Sanctus
475 1471 674 1556 Augustinus,
697 1471 795 1538 secuti
814 1469 898 1534 Pauli
918 1468 1060 1553 Apostoli
1079 1476 1206 1536 senun-

176 1579 264 1658 tiaru,
288 1577 434 1658 dicentia,
458 1584 582 1661 gentes,
605 1595 682 1660 puae
702 1576 805 1660 legero
820 1575 1123 1655 concentione,
1145 1593 1205 1642 no·

176 1691 270 1753 turca
294 1685 368 1769 Iege
389 1701 441 1763 ea,
463 1701 542 1765 quae
565 1683 644 1767 legis
667 1683 742 1761 sint,
766 1680 873 1748 iacere
889 1679 938 1761 ¹),
960 1681 1206 1765 pnuosopnorun

178 1787 337 1876 dogmata,
360 1798 500 1874 unquam
515 1790 639 1856 rationis
654 1789 773 1856 unates
788 1797 950 1872 praecepta
969 1807 1036 1854 cuna
1051 1806 1206 1871 praecep·

176 1898 215 1964 tis
231 1897 417 1965 christianae
435 1896 515 1980 legis
535 1895 685 1961 miscuere
705 1902 797 1977 aune
817 1901 943 1960 eatenus
963 1893 1117 1977 sequenda
1134 1911 1206 1960 etse

177 2002 368 2082 docuerunt,
390 2010 538 2087 quawnus
558 2001 714 2066 revelatae
734 2001 792 2064 Dei
811 1999 958 2065 voluntati
976 2018 1036 2065 ncn
1056 1998 1206 2067 adversa-

177 2116 294 2176 rentur.
332 2106 467 2192 Cumque
486 2109 518 2176 in
534 2105 781 2191 philosophorum
797 2107 882 2174 tibris
901 2125 1015 2173 surana
1030 2107 1104 2191 justi
1118 2108 1206 2189 prio·

177 2215 258 2298 cipio
281 2222 372 2297 atque
386 2213 574 2297 rcipntticee
588 2214 668 2281 bene
688 2211 916 2280 constituendae
935 2233 972 2278 ac
989 2213 1206 2298 gubernandae

177 2317 309 2388 termam
331 2321 503 2387 invenirent
526 2321 726 2402 propositam,
757 2320 864 2386 similia
888 2338 983 2403 opera
1008 2319 1206 2402 scripserunt,

177 2424 348 2508 cujusmodi
364 2423 466 2494 Sancti
483 2425 647 2510 Augustini
666 2434 714 2490 est
733 2431 771 2490 ca
792 2426 921 2492 sinitote
935 2427 1004 2491 bat.
1033 2427 1077 2492 At
1095 2423 1207 2492 funda-

177 2539 281 2600 nanta
306 2527 453 2616 ejusmodi
477 2530 606 2599 civitatis
627 2532 710 2616 jacta
730 2533 793 2615 jann
817 2538 906 2596 crant
930 2531 962 2596 in
986 2531 1051 2614 ipsa
1075 2530 1208 2598 ecclesia

175 2637 345 2716 othonna,
364 2639 455 2720 ¹eujus
469 2635 557 2720 leges
576 2655 708 2702 omenes
723 2647 810 2703 erant
827 2637 859 2704 in
877 2638 1012 2703 concidis
1031 2644 1062 2700 et
1083 2635 1208 2720 synodis

177 2744 377 2827 cornprobati.
406 2741 492 2810 Unde
508 2741 699 2822 factumest,
721 2752 754 2812 ut
770 2743 945 2809 canonicum
956 2744 1023 2826 J'ns,
1046 2742 1127 2824 quod
1141 2743 1208 2808 cri-

177 2850 250 2934 gine
276 2866 331 2914 sus
356 2849 463 2931 partim
488 2847 635 2927 divinum,
665 2850 774 2931 partiar
796 2847 996 2916 nuoducturo
1021 2848 1058 2913 ab
1082 2849 1121 2912 iis
1143 2847 1207 2926 ibit,

178 2956 288 3038 quibus
304 2952 441 3021 Christus
461 2956 593 3039 gentium
609 2954 836 3021 christianarum
851 2954 992 3038 reginen
1007 2954 1208 3032 wmniscrat,

177 3069 288 3133 uatum
305 3060 510 3128 auctoritatem
525 3060 766 3140 nancisceretur,
789 3068 823 3126 ut
833 3062 884 3145 jus
899 3063 1066 3124 ancarana
1081 3065 1209 3142 (ιιιιοιιι-

179 3166 341 3236 admodum
361 3169 414 3249 jus
440 3165 529 3232 civile
552 3185 631 3233 ιιιιιιο
652 3167 828 3242 dicebatur)
851 3166 1041 3231 inconibus
1064 3165 1209 3243 aninum,

178 3274 209 3340 in
230 3273 343 3362 quibus
364 3273 393 3336 ei
413 3269 645 3350 adversabatur,
668 3273 841 3356 abrogaret.
877 3269 996 3340 Idcirco
1016 3271 1086 3337 iude
1109 3271 1150 3338 ab
1171 3288 1210 3336 ee

180 3387 321 3462 tenpore
338 3379 390 3461 jus
410 3377 546 3446 nonore
567 3377 725 3446 dicebatur
743 3378 790 3458 id,
813 3378 894 3460 prod
908 3379 940 3440 in
956 3375 1075 3462 tegibus
1094 3376 1209 3443 veteris

180 3485 401 3554 tuuncnuet
415 3483 447 3552 in
462 3483 625 3568 evangelio
638 3484 846 3549 continebatur
862 3480 903 3558 ⁸}
931 3484 1011 3548 Haeo
1023 3482 1103 3566 juris
1118 3490 1209 3547 natu-

181 3589 256 3658 ratu
275 3589 409 3658 oenone
431 3607 449 3654 a
467 3588 690 3671 jurisconsultis
712 3590 907 3673 conprobata
930 3598 979 3652 est
991 3587 1041 3668 ⁴),
1069 3589 1209 3672 etlapsa

236 3735 435 3802 umbrosius
454 3736 486 3788 da
505 3735 596 3788 officiis
615 3737 796 3788 Ministrorum
812 3737 838 3800 i,
859 3740 899 3789 ts.

236 3824 262 3889 2)
281 3825 313 3875 In
331 3825 407 3892 epist,
426 3824 459 3876 ad
476 3825 608 3877 Romanoa
627 3840 650 3878 e.
670 3829 694 3876 2.
712 3841 737 3876 r.
759 3828 799 3876 tt.

236 3910 263 3977 3)
282 3911 473 3964 Gratianus
492 3911 510 3964 1.
530 3927 552 3964 c.
604 3925 610 3937 “

236 3998 264 4065 4)
282 3999 313 4049 V.
333 3999 365 4050 G.
390 3999 424 4050 ab
446 3999 548 4050 Isidoro
574 4001 699 4068 episcopo
722 3998 878 4068 hispalensi,
902 3999 1010 4064 acujns
1032 3995 1209 4065 etymologiae

183 4088 291 4156 plurimi
306 4087 360 4139 loci
377 4103 435 4138 cam
447 4087 622 4155 approbantes
638 4091 667 4140 iu
679 4090 800 4142 Decretis
813 4086 933 4138 Gratiani
947 4087 1017 4137 libro
1029 4087 1113 4153 primo
1126 4089 1210 4137 nans·

183 4176 232 4228 tesi
254 4181 327 4240 aunt,
350 4177 418 4227 Dist.
437 4175 509 4226 unt.
533 4191 556 4226 c.
578 4179 600 4226 1.
620 4181 645 4230 7.
664 4181 688 4228 8.
724 4177 797 4229 Idem
815 4179 902 4232 tamen
921 4180 947 4225 et
964 4175 1126 4240 antiquiores
1141 4173 1211 4248 juris

184 4263 312 4317 naturdis
329 4263 494 4316 definitiones
512 4265 640 4333 serravit,
658 4273 688 4319 nt
706 4265 770 4318 ibid.
789 4278 812 4314 o
831 4262 856 4313 5.
