3109 5292
813 517 858 587 70

316 712 436 792 tiaeque
453 696 566 772 studio.
607 703 754 768 Oriuntur
774 699 847 763 inde
865 687 978 764 rumne
992 700 1070 763 istnc
1090 697 1354 775 commerciorum,

317 815 457 891 familiae,
473 811 600 876 civitatis
613 809 732 872 elicere
746 806 983 882 communiones,
997 819 1127 884 querum
1139 804 1354 884 mentiosoepe

318 919 398 982 ducto
419 923 478 992 est,
511 914 681 997 quibusque
703 918 763 973 tum
785 909 902 991 privetu
921 925 1011 988 quum
1032 907 1151 989 publicu
1172 906 1354 988 populorum

317 1025 378 1087 vitu
395 1021 583 1095 continetur,
609 1014 701 1092 odeo,
725 1020 759 1076 ut
774 1011 947 1076 necessario
962 1011 1073 1093 privati
1088 1011 1270 1093 publicique-
1275 1011 1354 1093 juris

317 1127 401 1191 initia
424 1127 491 1188 sint
530 1119 606 1185 iilud
627 1118 722 1202 igitur
743 1124 794 1182 eut
813 1117 844 1179 io
864 1117 1116 1178 commerciorum
1138 1115 1353 1178 communitate

317 1231 423 1294 nititur
446 1235 477 1290 et
498 1224 536 1288 ud
551 1227 623 1307 jure
643 1221 814 1303 patrimonii
829 1226 946 1300 spectet
962 1225 1015 1282 eut
1030 1218 1069 1282 ud
1087 1218 1218 1281 tumidius
1232 1218 1354 1282 viucuin

317 1335 397 1395 inter
421 1332 585 1413 conjuges,
616 1332 761 1407 purentes
782 1332 815 1384 et
833 1323 964 1400 liberos,
993 1328 1112 1386 tutores
1135 1323 1167 1384 in
1188 1321 1354 1402 tuteiiequc

318 1435 499 1499 constitutos
507 1453 516 1508 ;
540 1432 597 1493 hoc
614 1436 715 1492 autem
730 1426 768 1488 ud
784 1442 889 1487 rerum
903 1427 1094 1507 pubiicurum
1109 1425 1353 1488 constitutionem

318 1539 514 1623 ecregimen,
529 1551 630 1597 rerum
647 1531 816 1594 divinorum
832 1537 864 1591 et
878 1545 1032 1592 sumerum
1045 1545 1163 1608 cousus,
1177 1529 1352 1591 necessitu-

319 1643 418 1706 dineis
428 1643 508 1703 inter
518 1640 671 1720 sejunctus
681 1634 822 1696 civitates
830 1632 1059 1696 intercedentes
1073 1632 1259 1713 foedereque
1274 1633 1354 1695 inter

319 1765 373 1812 eos
396 1747 484 1810 iaetu.
522 1743 596 1806 inde
616 1743 709 1805 totius
727 1740 806 1822 juris
825 1736 1004 1820 prudentiae
1023 1738 1055 1800 iu
1076 1745 1142 1800 tres
1163 1745 1269 1818 portes
1293 1736 1354 1798 deo

319 1850 462 1932 scriptio:
496 1849 669 1911 continetur
692 1846 771 1908 enirn
796 1844 926 1924 primum
943 1843 1018 1913 intre
1039 1844 1185 1920 priuato,
1207 1845 1355 1914 tumjure

317 1955 441 2033 puttieo
458 1953 632 2028 (interno),
653 1949 724 2012 dein
734 1951 811 2018 iure
825 1948 964 2023 petritum
978 1947 1045 2008 sive
1059 1948 1310 2008 immortali.

384 2057 438 2120 49.
462 2055 598 2118 Omnium
613 2055 719 2118 hurum
734 2052 978 2114 communitatum
992 2067 1031 2111 eu
1047 2053 1190 2128 estretio,
1206 2057 1241 2112 ut
1251 2049 1354 2111 homi·

319 2179 375 2226 nes
400 2161 438 2224 iis
459 2160 610 2241 conjuncti
635 2158 771 2219 intense
796 2156 976 2218 constituunt
997 2154 1242 2218 necessitudines
1264 2170 1354 2235 mom
1452 2242 1453 2245 Ἴ

319 2264 482 2347 plurimus,
504 2279 582 2342 quue
598 2260 733 2342 quotidie
749 2277 790 2320 ex
806 2258 931 2322 arbitrio
947 2276 1054 2322 eorurn
1070 2268 1121 2322 unt
1136 2276 1209 2322 cusu
1224 2257 1353 2339 quodum

319 2367 427 2430 mutari
442 2365 550 2428 solent
588 2364 625 2427 Ut
646 2372 744 2427 eutem
763 2364 842 2445 juris
858 2362 1012 2425 vinculum
1032 2365 1113 2425 inter
1132 2363 1249 2443 aliquos
1269 2363 1355 2425 nosci

320 2470 432 2554 possit,
462 2486 586 2550 semper
610 2469 774 2550 peculiaris
799 2466 949 2549 ejusmodi
970 2465 1165 2530 necessitudo
1187 2465 1356 2528 intercedet

320 2581 451 2657 oportet,
468 2590 547 2653 quoe
562 2575 728 2634 materiate
743 2569 824 2634 illius
838 2571 952 2633 vinculi
967 2570 1190 2634 fundumentum
1206 2571 1260 2632 sit·

386 2677 462 2742 Sunt
477 2685 576 2740 nutem
593 2679 650 2738 triu
671 2677 777 2740 herum
793 2675 1051 2739 necessitudinum
1066 2683 1228 2740 momente:
1251 2675 1355 2736 tumt-

319 2799 394 2842 mem
409 2799 465 2844 seu
480 2797 699 2856 personarum,
713 2796 833 2854 reorum,
848 2781 1017 2852 rectorum.
1154 2791 1158 2794 ’

388 2889 421 2958 u)
445 2881 520 2946 Cum
539 2885 570 2945 iu
592 2885 671 2946 omni
687 2885 758 2966 jure
779 2891 960 2963 moeretur:
983 2882 1056 2965 quid
1075 2884 1213 2948 homines
1225 2884 1286 2947 sibi
1304 2886 1355 2946 in·

321 2991 418 3052 vicem
439 2996 587 3069 tumquum
609 3005 696 3050 suum
715 2988 854 3050 tribuero
873 2988 1018 3066 debcant,
1047 2987 1131 3051 nullu
1148 2989 1227 3071 juris
1245 2988 1355 3050 relatio

321 3108 392 3155 esse
407 3091 458 3154 vel
475 3091 601 3172 cogitari
617 3099 731 3171 potest,
755 3094 813 3154 nisi
829 3093 967 3156 homiues
983 3092 1247 3173 adstenqnorum
1263 3105 1356 3156 ceusu

317 3199 368 3280 jus
384 3195 422 3258 sit
438 3194 682 3257 constituendum
699 3204 749 3258 out
764 3197 970 3260 ordinandum.

388 3300 422 3376 b)
445 3298 565 3361 Debent
580 3305 680 3362 autem
702 3300 864 3381 quidquem
887 3311 920 3365 ut
940 3318 1027 3365 suum
1048 3310 1173 3383 petere,
1198 3319 1275 3384 ergo
1289 3319 1354 3364 rem

322 3406 452 3486 uliquum
469 3405 535 3466 sive
552 3404 742 3485 corporalem
759 3407 825 3467 sive
843 3407 1076 3487 incorporalem.

389 3514 424 3585 c)
447 3507 593 3581 Quoniam
605 3507 686 3569 uultu
697 3508 737 3571 sit
745 3513 953 3586 communitus,
969 3509 1028 3570 uisi
1042 3527 1122 3589 quue
1134 3517 1200 3572 ortu
1213 3509 1263 3588 sit,
1279 3529 1355 3593 ergo

322 3615 400 3677 iacto
416 3617 545 3688 constet,
565 3625 622 3672 seu
639 3609 727 3672 tectis
740 3611 841 3674 innixe
856 3603 1030 3695 conjunctio
1045 3613 1099 3688 sit3
1122 3613 1202 3675 tectu
1216 3614 1356 3677 interve-

322 3717 424 3780 nerint
438 3722 573 3798 oportet,
598 3732 677 3796 quac
692 3715 799 3778 sociali
814 3717 1033 3781 necessitudini
1048 3718 1129 3780 iuter
1141 3717 1356 3797 aliquoscou-

321 3822 449 3904 tingenti
460 3819 610 3902 originem
620 3817 778 3881 dederunt
799 3819 845 3881 Dc
855 3819 982 3903 singulis
993 3818 1167 3902 diligentius
1177 3820 1313 3884 dicemus
1321 3817 1356 3904 ¹).

378 3965 402 4031 l)
422 3965 462 4013 Do
474 3964 524 4027 his,
538 3980 606 4030 quae
618 3966 739 4032 proxime
753 3970 908 4030 sequuntur,
922 3965 1068 4016 &meruere
1084 3965 1312 4028 Montesquieu
1328 3966 1356 4015 in

323 4047 492 4100 celeberrimo
512 4067 560 4101 suo
578 4051 650 4124 libro¹
664 4050 695 4101 de
706 4049 816 4117 dEcprit
830 4052 874 4102 des
887 4051 952 4112 duim
976 4053 1071 4118 Hugo
1091 4053 1119 4102 iu
1136 4051 1356 4118 anthropologico

322 4133 356 4186 od
370 4135 427 4201 ,jus
440 4136 575 4190 neturule“
591 4151 667 4188 suum
680 4137 888 4190 introductiones
902 4140 1008 4191 omuino
1020 4144 1107 4191 eutem
1118 4139 1147 4200 ii,
1159 4140 1207 4204 qui
1218 4139 1357 4189 historiens
