3109 5292
848 562 891 629 52

346 743 397 825 jos
412 741 538 825 generis
553 741 698 823 operibus
713 743 805 826 longe
818 749 951 824 praestet
961 740 1003 820 ¹),
1016 756 1117 823 neque
1130 754 1218 818 soro,
1227 737 1301 801 licet
1314 735 1388 821 plri-

351 846 547 928 losophorom
562 846 613 910 illa
629 855 756 926 conata,
779 847 1013 929 metaphysicarn
1024 846 1103 930 juris
1118 843 1306 924 disciplinam
1325 857 1389 902 ex-

350 949 503 1028 struendi,
527 952 626 1014 inania
642 951 753 1031 fuisse,
777 951 1045 1030 demonstraverit,
1067 953 1109 1014 itu
1123 950 1163 1013 de
1177 949 1235 1012 huc
1249 946 1388 1010 doctrina

350 1051 530 1135 disputavit,
554 1063 588 1118 ut
606 1073 710 1118 veram
727 1058 808 1139 juris
822 1065 958 1120 naturam
980 1055 1196 1138 explicaverit,
1219 1065 1388 1130 omnesque

350 1158 439 1241 hujus
452 1157 609 1222 doctrinae
619 1167 722 1242 partes
735 1162 942 1241 perlustrasse
955 1168 1045 1242 atque
1055 1160 1228 1221 illustrasse
1236 1155 1388 1219 rideatur.

416 1263 486 1325 Post
502 1279 572 1326 eum
588 1265 692 1328 variae
708 1265 1034 1328 illaeSocioliatarum
1047 1262 1388 1332 acOommuniaturum,

350 1367 400 1446 qui
415 1374 575 1444 vocantur,
586 1369 734 1432 exstitere
751 1369 791 1431 de
806 1369 927 1450 publico
938 1371 1010 1452 jure
1026 1367 1195 1448 opiniones,
1208 1379 1303 1444 quae,
1315 1361 1390 1424 licet

353 1469 421 1533 veri
437 1468 548 1551 aliquid
565 1471 602 1534 iis
618 1473 703 1550 insit,
724 1471 964 1554 philosophicam
976 1470 1056 1554 juris
1070 1468 1235 1533 doctrinam
1250 1465 1388 1530 turbasse

349 1573 459 1654 potius,
475 1591 564 1654 quam
581 1575 757 1640 excoluisse
774 1577 922 1641 dicendae
937 1584 1008 1641 sont
1022 1572 1065 1650 *).

742 1849 897 1908 cnr-rm
916 1847 998 1898 ιιι.

429 1957 514 2028 loris
535 1957 749 2048 philosophiae
771 1963 805 2031 ir
827 1961 888 2032 hoc
908 1960 989 2031 litro
1010 1959 1196 2030 mundae
1219 1959 1312 2030 ratio

418 2134 469 2200 32.
490 2137 540 2199 Ex
560 2138 685 2201 historia
700 2140 780 2221 juris
802 2139 1012 2222 philosophiae
1034 2156 1126 2219 supra
1148 2135 1323 2199 adumbrata
1339 2133 1388 2196 la'-

351 2239 409 2302 oile
434 2250 578 2324 apparet,
602 2244 845 2324 quotiescunque
866 2262 945 2306 nova
962 2243 1051 2326 hujus
1066 2242 1221 2304 doctrinae
1238 2238 1390 2345 eristitcrit

350 2342 499 2422 delinitio,
520 2363 628 2408 novam
653 2348 765 2410 exinde
787 2350 852 2430 ejus
872 2347 1048 2411 tractandae
1073 2347 1220 2410 rationem
1242 2359 1390 2439 manasse,

352 2466 443 2529 quum
459 2450 636 2530 scriptores,
647 2453 697 2530 qui
707 2451 787 2513 illam
805 2451 1085 2531 excoluere,variis
1102 2469 1142 2513 ex
1158 2448 1294 2511 lontibus
1308 2446 1390 2508 heu-

350 2553 466 2615 rientes
482 2553 590 2634 placita
607 2571 728 2634 quoque
741 2555 893 2618 suavario
908 2555 998 2618 modo
1011 2552 1212 2636 comprobare
1222 2551 1391 2615 studerent

312 2702 313 2706 ,
416 2655 533 2718 Etenim
556 2657 607 2718 alii
629 2657 785 2720 historiam
809 2667 900 2740 atque
931 2659 1153 2742 experientiam
1182 2655 1392 2738 sequebantur

351 2759 470 2839 ducem,
487 2760 547 2839 alii,
558 2760 715 2844 religionis
724 2763 881 2826 revelatae
898 2763 1036 2847 dogmata
1052 2780 1108 2845 pro
1124 2780 1200 2827 vero
1216 2761 1307 2843 hujus
1324 2760 1390 2843 dis7

352 2863 481 2944 ciplinae
503 2863 696 2926 fundamento
720 2866 873 2946 habuere,
899 2869 949 2929 alii
965 2869 1044 2949 juris
1060 2867 1195 2950 gentium
1210 2871 1391 2947 praecepte,

352 2966 402 3028 ulii
418 2965 575 3031 doctorum
592 2969 725 3032 virorum
743 2973 924 3050 sententias,
945 2978 1092 3051 quatenus
1108 2970 1187 3031 inter
1203 2984 1239 3033 se
1256 2986 1391 3031 consen-

351 3070 459 3147 tirent,
480 3071 509 3132 in
531 3072 737 3150 quaestionem
758 3085 921 3153 vocarunt,
946 3094 1013 3138 oum
1033 3071 1113 3138 omni
1128 3075 1160 3136 in
1176 3091 1211 3136 re
1228 3073 1392 3138 consensio

353 3173 483 3234 omnium
498 3174 635 3255 gentium
651 3175 703 3238 lex
719 3185 843 3241 naturae
858 3180 986 3260 putanda
1001 3180 1041 3242 sit
1056 3175 1097 3254 ο).

419 3275 468 3340 Sic
484 3285 551 3338 orta
567 3276 636 3340 inde
652 3287 704 3342 aut
724 3283 877 3345 historico
896 3284 976 3366 Joris
991 3282 1202 3366 philosophiae
1217 3280 1391 3347 metandae

408 3484 432 3550 1)
451 3483 503 3535 Dic
520 3484 683 3551 Philosophia
706 3488 751 3539 des
775 3489 874 3540 Rechts.
891 3489 939 3540 Ed.
959 3491 980 3541 Ι.
1004 3493 1078 3541 1830.
1098 3489 1138 3540 ed
1156 3489 1193 3539 11.
1218 3490 1327 3555 ponitus
1351 3503 1391 3540 ro·

351 3575 467 3622 tractata
488 3574 563 3622 184⁷.
583 3573 623 3622 ed.
642 3573 689 3624 III.
709 3575 796 3625 denuo
809 3581 952 3627 retractata
972 3577 1048 3628 1854.
1068 3581 1084 3625 2
1102 3575 1162 3626 Vol.
1182 3578 1207 3626 8.

407 3657 433 3724 2)
454 3657 520 3708 Cum
533 3659 642 3710 nomina
654 3661 748 3710 horum
761 3663 919 3727 scriptorum
931 3665 959 3713 in
977 3665 1094 3714 omnium
1110 3679 1155 3713 ora
1173 3669 1329 3726 versantur,
1346 3677 1392 3713 eor

353 3745 381 3794 in
393 3745 546 3794 memoriam
558 3761 699 3796 revocasse
711 3747 789 3798 nobis
802 3748 922 3811 sufficiet,
933 3749 1016 3798 veluti
1024 3745 1246 3812 definitissime,
1254 3747 1393 3810 Fcurra'er,

352 3827 536 3894 comederunt,
555 3829 711 3895 Proudhcn,
731 3849 843 3897 quorum
861 3839 1023 3885 sectatorum
1041 3837 1135 3901 ingens
1154 3849 1251 3901 agmen
1270 3841 1319 3885 cst,
1339 3833 1392 3884 Cir.

354 3913 386 3964 re
399 3917 446 3966 ss:
465 3918 495 3966 o.
514 3916 675 3984 noyosco,
694 3898 795 3969 dnos,
806 3910 1321 3986 ermrpfmcorsccnampmtm.
1335 3921 1393 3971 rar.

354 4003 432 4136 paco.
452 4005 466 4050 2
485 4001 555 4053 von.
575 4009 601 4052 es
620 4004 730 4066 sucre,
755 4004 859 4056 neema
880 4005 917 4056 oc
934 4003 1082 4059 saeuum
1099 4013 1123 4058 e
1139 4007 1177 4058 ou
1194 3993 1392 4059 ammonens

377 4087 429 4136 aris
451 4089 632 4140 reso—1852.

409 4172 435 4238 3)
454 4172 546 4224 Cicero
566 4175 646 4226 Ture.
666 4175 772 4238 Quaeso
791 4177 812 4228 Ι.
833 4178 874 4242 13,
893 4179 936 4231 30.
