3109 5292
683 552 730 622 bb

71 736 88 762 ·
186 738 341 796 mamm
362 741 394 796 ot
418 733 458 796 de
483 737 625 808 sonutam
639 740 724 808 jure
762 735 1038 808 Quoniamautem
1069 755 1157 801 omno
1175 737 1227 820 jus

186 857 387 920 personarum
402 857 494 902 causa
510 842 705 904 coustiaatum
721 850 844 905 estnec
859 843 925 906 sino
937 843 1082 925 personia
1097 844 1228 927 cogitari

187 951 305 1025 potest,
320 944 450 1025 pmmum
464 943 504 1006 de
515 946 590 1026 jure
606 963 808 1027 personarum
823 945 1044 1028 dispiciendum
1060 955 1117 1010 est.

256 1044 308 1112 ⁷2
330 1048 484 1112 Personae
497 1049 680 1114 vocabulum
694 1057 747 1113 aut
760 1049 883 1132 vulgari
899 1067 993 1116 sensu
1008 1051 1149 1129 sumitur,
1165 1067 1226 1132 quo

186 1150 511 1234 singulumbomiuem
532 1151 736 1232 demonstrat,
759 1161 814 1217 aut
835 1156 982 1236 peculiari
1005 1155 1227 1239 significatione
1355 1187 1357 1192 Α

187 1255 269 1336 apud
285 1257 524 1338 jpriscousultos
548 1266 773 1340 receptaque
798 1258 888 1322 bomo
907 1260 986 1342 juris
1009 1260 1164 1341 particeps
1188 1275 1226 1322 eo
1304 1333 1306 1340 y

186 1360 358 1443 tunguur.
1001 1393 1003 1396 ·

254 1464 409 1543 Omnium,
438 1482 516 1548 ergo
540 1467 722 1548 populorum
741 1469 815 1549 jure
845 1467 934 1532 statui
964 1467 1226 1548 camisaleque,

186 1570 308 1649 quinam
329 1588 387 1650 pro
402 1571 545 1651 personis
568 1572 628 1634 siut
647 1570 800 1634 habendi?
838 1572 989 1654 Principio
1009 1572 1227 1638 iactantibus

185 1674 307 1735 nouubi
322 1676 343 1736 ii
358 1673 437 1755 apud
458 1674 587 1755 aliquam
607 1683 731 1757 gentem
746 1675 805 1738 boc
821 1682 901 1738 statu
919 1675 1097 1754 utebantur,
1117 1675 1170 1756 qui
1186 1694 1227 1756 er

186 1794 225 1838 ea
241 1777 362 1842 oriundi
376 1785 430 1840 aut
443 1778 497 1858 qui
511 1777 648 1859 ejusdem
669 1779 858 1861 reipublicae
873 1781 973 1859 cives,
998 1787 1050 1844 aut
1066 1781 1132 1861 pari
1148 1779 1226 1842 deo·

184 1897 253 1942 rum
268 1881 362 1951 culmi
381 1882 493 1948 addicti
512 1891 609 1948 eraut
645 1884 803 1967 Peregrini
823 1893 857 1948 ut
876 1885 982 1950 hostes
1007 1885 1225 1963 tractabantur,

181 1985 324 2066 jurisque
340 1994 487 2067 exportes
502 1995 605 2066 eraut,
625 1989 684 2050 uisi
699 1987 784 2051 forte
803 1996 836 2051 ut
850 1989 988 2070 hospites
1004 1989 1126 2052 admissi
1141 1996 1226 2052 tute-

185 2089 246 2150 lam
261 2090 413 2153 habereut
427 2109 543 2169 eorum,
559 2092 610 2171 qui
626 2108 680 2153 cos
696 2091 776 2172 apud
793 2109 827 2154 se
843 2099 1036 2173 receperant
1063 2090 1154 2174 Apud
1169 2108 1225 2154 eos

184 2210 263 2258 aero
276 2195 421 2276 populos,
436 2195 489 2276 qui
502 2203 597 2258 eruta
612 2213 730 2261 morum
745 2194 865 2259 feritate
882 2196 966 2269 cultu
981 2196 1225 2277 humanitatique

185 2298 419 2376 excelluerunt,
441 2317 512 2362 mox
531 2297 675 2362 effectum
699 2305 763 2377 est,
789 2307 822 2362 ut
845 2300 934 2362 ctiam
957 2299 1130 2382 peregrinis
1145 2300 1225 2381 jura,

184 2403 275 2481 licet,
297 2423 316 2467 a
339 2405 448 2467 civium
466 2407 538 2487 jure
566 2404 707 2469 distincta
731 2411 762 2466 et
785 2403 949 2484 pauciora,
974 2403 1225 2466 concederentur.

183 2505 307 2571 Nostris
323 2509 444 2575 demunt
459 2509 665 2588 temporibus,
686 2509 794 2589 quibus
811 2525 916 2570 omnes
933 2507 999 2570 lere
1014 2508 1121 2589 populi
1137 2525 1224 2571 surn-

184 2631 265 2677 mum
286 2613 477 2678 humanitatis
500 2613 631 2697 gradum
651 2613 772 2677 ascensi
792 2619 879 2689 suut,
904 2629 1008 2676 omnes
1029 2612 1170 2678 homiues
1186 2611 1225 2674 ud

183 2715 362 2781 bbortatom
371 2719 432 2781 uati
447 2735 518 2782 esse
533 2725 692 2800 putanturs
703 2725 735 2780 et
751 2734 809 2798 pro
823 2716 967 2798 personis
982 2715 1141 2778 habeulur.
1171 2715 1225 2779 lu.-

188 2823 271 2886 cireo
285 2823 442 2906 generalis
457 2841 513 2886 seu
526 2824 679 2886 abstracta
693 2839 850 2904 personae
864 2821 948 2882 notio
965 2820 994 2882 iu
1005 2822 1078 2903 jure
1095 2820 1226 2884 omnium

186 2927 521 3010 populorumrecepta
560 2928 673 2991 Nititur
686 2933 788 2990 autem
800 2944 840 2988 ca
856 2925 1004 2996 libertatis
1020 2931 1114 3003 subt,
1130 2941 1225 3004 quara

185 3049 298 3100 servus
320 3031 402 3113 apud
425 3037 551 3096 ueteres
573 3030 764 3120 ἀπροσώπος,
786 3030 847 3092 ic.
872 3029 960 3102 bomo
981 3045 1144 3110 personam
1163 3043 1226 3090 uon

185 3133 303 3198 tuens
317 3135 483 3198 dicebatur.
509 3134 597 3198 Adeo
613 3144 714 3198 autem
729 3134 979 3216 personae-notio
993 3149 1061 3198 oum
1077 3132 1225 3198 libertatis

185 3241 310 3304 nolim
333 3241 498 3320 conjuncta
511 3246 582 3317 cst,
600 3247 639 3302 ut
659 3235 995 3302 summus-Germaniae
1015 3235 1224 3318 philosophus,

183 3336 350 3422 liautius,
362 3343 442 3408 hauc
453 3344 636 3425 primitivum
651 3350 682 3404 et
692 3341 894 3424 originarium
909 3341 1040 3403 omnium
1049 3341 1101 3421 ius
1115 3339 1224 3420 appel-¹

182 3449 303 3514 laverit
341 3449 483 3512 Attamen
507 3466 597 3512 nemo
614 3450 677 3530 jam
695 3455 767 3511 ortu
786 3463 843 3509 suo
859 3461 993 3526 persona
1009 3452 1071 3523 est,
1091 3442 1226 3508 sedtum

183 3552 304 3618 demum
319 3571 387 3616 cum
398 3555 479 3636 juris
499 3553 673 3636 praeceptis
696 3549 777 3632 apud
796 3550 926 3632 aliquem
947 3548 1090 3631 populum
1111 3548 1224 3629 vigen-

181 3658 263 3721 tibus
277 3675 382 3721 omues
402 3658 542 3721 homiues
563 3673 620 3737 pro
642 3639 782 3736 persbnis
797 3654 904 3718 baberi
928 3653 1070 3716 saudtur.
1108 3648 1224 3722 Quodsi

182 3763 250 3842 liat,
270 3780 309 3824 eu
324 3770 374 3825 est
392 3762 498 3844 populi
513 3760 553 3822 de
563 3762 649 3843 justo
665 3759 779 3840 opinio,
802 3765 835 3822 ut
849 3759 1017 3834 bominem,
1037 3756 1090 3836 qui
1106 3754 1225 3818 ratione

181 3865 340 3949 praeditus
356 3875 414 3945 est,
432 3874 563 3929 extem
579 3864 725 3927 libertate
739 3862 800 3926 frui
817 3861 933 3924 debere
948 3860 1134 3936 existimeut3
1157 3876 1226 3935 nau

183 3971 312 4034 radonis
326 3987 386 4051 ope
400 3977 432 4032 et
444 3968 600 4051 praesidio
612 3969 704 4030 homo
718 3985 789 4030 sese
803 3967 902 4047 ipsum
915 3963 1080 4049 prudenter
1094 3962 1226 4046 regendi

183 4082 215 4136 ot
229 4092 316 4138 suum
332 4076 463 4155 cuique,
484 4081 576 4154 prout
586 4073 704 4155 Justitia
720 4071 868 4153 postulat,
883 4067 1036 4132 tribuendi
1052 4083 1150 4148 capax
1164 4085 1225 4154 po-

185 4186 315 4261 tensque
331 4196 403 4244 esse
418 4178 549 4242 videtur.
585 4178 744 4241 Hominem
758 4182 795 4239 ut
808 4189 969 4256 personam
984 4179 1115 4236 auctare
1131 4167 1225 4255 igitur
1247 4211 1249 4215 -
