3109 5292
846 539 910 606 tut

355 719 435 803 juris
446 733 601 783 comensu
609 717 899 801 subqobernatioue
907 735 1043 782 suum
1055 719 1214 801 potestatis
1225 719 1276 783 vel
1287 717 1398 784 mouri

359 824 478 905 imperii
492 840 552 887 uua
566 823 734 888 viventium
748 823 958 908 congregatio.
986 820 1123 906 Cogitaui
1138 825 1232 908 igitur
1247 841 1311 886 non
1324 830 1398 906 pot-

359 935 408 992 est
421 928 528 992 ciuitas
542 927 594 990 uel
608 926 800 1009 respublica,
815 927 873 990 nisi
888 928 949 989 sint

455 1032 492 1108 l)
515 1032 659 1096 Homines
669 1034 743 1115 Jore
758 1032 796 1106 (i.
812 1050 840 1096 e.
855 1032 1016 1108 libertate)
1033 1032 1185 1115 fruentes,
1207 1051 1266 1096 una
1282 1033 1396 1098 uiren-

514 1146 577 1217 tes,
593 1139 611 1200 i,
627 1155 655 1200 c.
670 1137 772 1220 aliquo
789 1136 877 1201 modo
893 1138 1074 1218 consociati,
1090 1147 1122 1201 et

452 1242 492 1317 2)
515 1242 668 1308 Summum
684 1243 855 1324 imperium,
872 1243 891 1305 i.
902 1261 929 1304 e.
942 1250 1080 1325 potestas
1094 1242 1168 1306 nulli
1183 1243 1235 1306 alii
1250 1242 1396 1324 potestati

512 1351 665 1432 subjecta,
687 1351 737 1412 cui
760 1349 861 1412 datum
881 1357 930 1412 cst
945 1349 998 1431 jus
1021 1349 1113 1413 totius
1134 1346 1357 1411 communitatis
1378 1363 1396 1408 e

513 1473 573 1517 suo
587 1454 715 1518 consilio
730 1451 896 1537 regendae.

451 1555 490 1634 3)
514 1556 606 1622 Certa
618 1559 699 1624 iuter
715 1559 887 1622 libertatem
901 1566 934 1622 et
947 1557 1104 1640 imperium
1120 1555 1302 1638 exaequatio
1317 1571 1396 1638 quae

512 1663 729 1727 constitutione
745 1662 792 1726 rei
807 1663 947 1746 publicae
963 1662 1128 1744 perficitur.

425 1763 497 1830 136.
521 1766 641 1832 Summa
655 1767 778 1850 dejure
795 1767 917 1848 publico
940 1769 1079 1849 quaestio
1099 1767 1193 1850 igitur
1207 1773 1350 1831 versatur
1365 1766 1396 1828 ln

356 1871 573 1955 conjungendo
589 1891 659 1935 cum
678 1873 822 1934 libertate
842 1872 988 1954 irnperio,
1008 1873 1075 1936 sive
1090 1871 1122 1934 in
1137 1871 1279 1934 limitibus
1294 1870 1396 1932 liber-

355 1984 449 2040 tatem
463 1978 545 2040 inter
559 1987 590 2040 et
604 1978 765 2059 imperium
786 1983 872 2042 recte
887 1977 1124 2040 conscribendis.
1155 1974 1230 2039 Cum
1246 1983 1350 2038 autem
1365 1974 1396 2036 in

356 2083 526 2146 civitatibus
541 2082 631 2146 modo
645 2083 766 2164 plenior
782 2081 872 2145 rnodo
886 2083 1041 2146 limitatior
1056 2083 1096 2146 sit
1111 2081 1251 2144 libertus:
1275 2078 1396 2161 imperii

354 2187 432 2250 lines
455 2187 546 2250 inodo
569 2186 734 2268 ampliores
757 2185 848 2250 modo
873 2188 1067 2270 angustiores
1091 2203 1179 2263 esse,
1205 2183 1395 2248 manifestum

355 2300 412 2354 est.
449 2291 536 2354 Unde
555 2293 709 2374 sequitur,
732 2292 957 2356 diversissimas
980 2309 1051 2356 esse
1076 2309 1182 2356 rerum
1204 2289 1397 2372 publicarum

355 2396 595 2460 constitutiones
633 2395 690 2458 Ubi
705 2405 807 2460 autern
823 2398 907 2461 nulla
922 2399 962 2460 sit
982 2397 1108 2460 libertos
1129 2393 1310 2458 cuinullum
1326 2410 1396 2456 om-

354 2499 427 2562 nino
443 2499 583 2582 publicae
604 2502 764 2582 potestatis
785 2503 940 2585 regimen,
961 2502 979 2564 i.
995 2519 1021 2564 e.
1043 2501 1095 2564 ubi
1111 2506 1162 2564 aut
1181 2497 1266 2562 servi
1280 2505 1396 2561 tantm

352 2605 558 2683 inveniantur,
573 2612 721 2670 autunto
736 2605 870 2684 licentia,
887 2613 920 2669 ut
933 2622 1023 2670 neruo
1037 2605 1192 2686 imperare
1208 2602 1269 2666 ‹lici
1283 2602 1393 2684 possit:

313 2785 317 2790 ,
355 2709 461 2772 civitas
475 2709 559 2773 nulio
571 2709 683 2773 edesse
697 2709 828 2775 videtur.
848 2708 931 2772 ldem
946 2709 1118 2788 dicendum,
1134 2708 1162 2774 si
1176 2715 1258 2772 tanta
1273 2708 1314 2770 sit
1327 2707 1396 2770 rei-

354 2813 496 2894 publicae
510 2815 715 2896 perturbatio,
735 2823 770 2877 ut
785 2815 863 2877 certi
878 2815 955 2878 lines
974 2816 1053 2878 inter
1072 2814 1232 2895 imperium
1247 2819 1279 2876 et
1294 2812 1396 2876 liber-

354 2927 446 2982 tatern
460 2921 535 2983 nulli
549 2919 660 2984 adesse
676 2919 847 2984 uideantur.

423 3023 482 3097 Qui
497 3025 593 3106 igitur
602 3026 655 3106 jus
670 3024 823 3105 publicum
839 3023 968 3106 alicujus
980 3022 1109 3086 ciuitatis
1125 3037 1319 3106 cognoscere
1335 3039 1395 3086 ou-

355 3128 409 3208 pit,
426 3127 591 3209 explorare
604 3127 709 3190 lebet:
725 3146 806 3210 quae
821 3128 860 3192 sit
872 3128 951 3191 ratio
963 3127 1070 3190 summi
1083 3127 1203 3208 imperii
1215 3127 1246 3190 in
1259 3143 1297 3188 ea
1313 3143 1395 3188 con-

355 3231 468 3310 stituti,
490 3232 638 3313 aquibus
660 3231 734 3295 illud
758 3239 961 3312 exerceatur,
984 3249 1145 3313 quousque
1168 3231 1396 3314 ejuspotentia

355 3343 469 3416 pateat,
484 3335 638 3416 inquibus
651 3337 783 3421 negotiis
797 3354 834 3402 ea
848 3338 887 3400 sit
899 3337 1008 3418 posita,
1023 3353 1103 3416 quae
1116 3336 1258 3418 regimini
1270 3337 1299 3398 ei
1312 3335 1396 3399 sub·-

351 3441 445 3521 jects,
461 3448 585 3520 atquae
602 3449 671 3503 sunt
684 3441 802 3523 reliqua
818 3441 942 3523 generis
958 3439 1105 3521 ejusdem.
1143 3439 1230 3513 Quae
1245 3439 1345 3502 omniu
1360 3447 1397 3502 ut

356 3543 505 3626 probabili
520 3543 639 3608 ratione
654 3545 806 3626 explicari
821 3544 951 3625 possint,
970 3543 1185 3624 inquirendum
1201 3551 1263 3624 est,
1288 3544 1342 3626 qui
1356 3544 1396 3608 sit

354 3665 607 3712 sommusrerum
623 3648 913 3730 publicarumfinis‘i
1488 3713 1491 3722 ,

423 3750 496 3816 tet.
518 3753 643 3817 llulturn
664 3759 764 3816 autem
785 3753 932 3834 disputari
952 3755 1043 3817 etiam
1064 3753 1145 3817 solet
1164 3753 1204 3816 dc
1218 3754 1276 3818 hac
1292 3771 1395 3836 quae-

354 3856 463 3919 stione.
500 3855 606 3940 Longc
624 3859 746 3940 plurimi
765 3877 805 3922 co
821 3858 947 3922 consilio
968 3860 1106 3924 ciuitates
1126 3861 1307 3924 constitutas
1323 3877 1397 3924 esse

354 3961 470 4039 dicunt,
486 3967 520 4023 ut
535 3962 667 4025 omniunt
683 3961 818 4039 felicitati
831 3963 924 4026 tutius
940 3963 1160 4046 prospiciatur:
1175 3981 1273 4046 quare
1287 3967 1399 4054 populi

354 4069 489 4128 sobolem
504 4084 684 4143 moranum
700 4067 841 4129 civitatis
855 4071 953 4144 leuem
968 4067 1131 4151 appellant
1165 4068 1397 4136 Aliisumurum

354 4168 445 4232 Mem
460 4170 615 4234 ciuitatum
638 4171 673 4232 in
681 4172 768 4244 juris
783 4175 833 4234 uel
846 4172 1004 4236 libertatis
1019 4175 1152 4240 tuitione
1171 4175 1304 4259 positum
1319 4193 1397 4244 cre·
