3109 5292
833 543 904 612 'luc

350 727 416 793 aa?
445 726 581 792 Vocatur
599 744 640 790 cn
658 723 751 789 lodie
768 725 945 798 §astrictio
965 731 1122 804 potestur,
1145 725 1227 810 apud
1242 724 1397 793 Romans

352 831 514 897 dicebatur
526 833 717 904 iamedictto.

419 937 495 1000 Tum
509 953 587 1000 vero
603 935 736 1020 cogendi
756 943 892 1018 potestas
908 937 961 1016 iis,
981 934 1033 999 vel
1048 935 1115 1000 aliis
1132 935 1236 1014 etiam,
1258 933 1329 998 dota
1344 934 1392 1012 sit,

351 1059 482 1106 neccsse
495 1049 553 1120 est,
568 1049 603 1105 ut
615 1039 740 1125 adigant
751 1039 789 1103 ad
802 1039 1017 1123 praestandum
1032 1057 1095 1118 eos,
1112 1040 1164 1121 qui
1178 1057 1240 1101 non
1251 1041 1324 1121 jure
1340 1037 1391 1098 le-

351 1148 434 1210 cisse
451 1146 579 1228 judicati
598 1154 682 1211 sant:
703 1165 770 1210 eam
790 1151 977 1222 potestatem
998 1147 1196 1206 emecttlicum
1216 1142 1308 1207 hodic
1329 1159 1391 1216 vo-

350 1259 433 1327 caut3
444 1250 520 1326 olim
536 1250 588 1313 illa
603 1250 815 1333 appellabatur
830 1252 1001 1326 imperium.

416 1356 581 1418 Praeterea
597 1353 752 1418 delinitum
768 1355 808 1418 sit
824 1361 958 1436 oportet;
978 1371 1037 1435 qua
1053 1354 1170 1417 ratione
1181 1353 1260 1436 juris
1276 1369 1390 1436 persc-

350 1461 432 1524 cutio
453 1459 635 1524 instituenda
655 1466 688 1522 et
705 1458 858 1540 quomodo
874 1477 892 1520 a
909 1458 1135 1542 magistratibus
1157 1475 1193 1520 ca
1208 1461 1239 1520 in
1258 1473 1296 1520 rc
1311 1475 1389 1540 pro·

350 1565 521 1630 cedentium
535 1567 583 1630 sit
620 1564 849 1630 Describeudao
864 1565 957 1648 igitur
978 1571 1049 1628 sunt
1070 1563 1221 1627 actionum
1237 1561 1389 1626 formulae

349 1679 381 1735 et
390 1671 576 1754 judiciorum
592 1670 669 1734 ordo
685 1677 717 1731 ct
731 1677 794 1734 toto
808 1687 862 1732 res
873 1668 1045 1752 iudiciaria.
1078 1667 1169 1741 Quod
1184 1668 1276 1732 bodie
1291 1685 1388 1748 saepe

300 1762 302 1764 ’
347 1775 554 1856 peculiaribus
568 1775 647 1857 juris
662 1773 817 1838 codicibus
838 1773 905 1838 lieri
925 1773 1004 1838 solet
1019 1774 1140 1848 (Goulos
1158 1780 1197 1834 de
1211 1775 1388 1850 procedure

348 1880 442 1941 eicite
456 1886 488 1940 ct
506 1880 707 1954 crinunclle).

417 1982 489 2047 134
512 1983 544 2048 Si
555 2001 633 2048 vera
645 1991 726 2062 sunt,
737 2002 819 2064 quac
831 1983 980 2048 hactenus
994 1983 1032 2046 ‹to
1043 1984 1122 2072 juris
1136 1984 1262 2050 tuitione
1277 1982 1388 2066 dispu-

346 2089 491 2168 lavimus,
511 2089 638 2172 singulis
659 2091 727 2170 ejus
742 2088 842 2152 modis
858 2091 936 2172 juris
957 2091 1160 2150 roca-ritatem
1181 2089 1258 2152 ellici
1274 2087 1387 2150 dicen-

346 2192 419 2257 dum
441 2200 499 2255 est
547 2192 609 2256 Sed
631 2211 845 2276 quaecumque
867 2193 927 2257 sint
952 2193 1085 2258 instituta
1109 2194 1197 2276 hujus
1225 2193 1273 2258 rei
1295 2209 1388 2256 causa

347 2297 503 2374 ordinata,
524 2297 592 2360 sive
612 2299 842 2380 magistratuum
862 2298 1005 2380 publicae
1027 2297 1205 2381 disciplinae
1221 2297 1389 2380 invigilan-

346 2403 421 2464 tium
436 2401 621 2480 constitutio,
638 2403 705 2466 sive
716 2401 901 2485 judiciorum
918 2403 1009 2482 ordo,
1025 2405 1091 2466 sive
1108 2404 1223 2470 artibus
1242 2411 1274 2466 ct
1290 2401 1388 2468 disci-

346 2506 438 2591 plinis
450 2523 486 2570 se
497 2507 674 2570 instituendi
686 2509 856 2572 necessitas
869 2509 983 2589 populo
994 2509 1146 2592 impositu:
1160 2527 1197 2571 aa
1209 2509 1276 2572 sine
1286 2506 1388 2570 liber-

346 2611 418 2693 tatis
430 2612 713 2695 circumscriptione
727 2613 849 2679 minime
862 2613 999 2681 ordinari
1012 2629 1108 2694 posse
1120 2611 1314 2676 manifestum
1331 2619 1387 2675 est

348 2716 447 2790 Ouum
462 2723 563 2779 autom
579 2716 727 2780 libertatis
748 2717 1034 2798 circumscriptione
1051 2719 1121 2799 jura
1143 2731 1266 2798 quoque
1281 2723 1387 2781 nostra

345 2822 532 2900 manantur,
548 2822 687 2901 sequium
700 2820 812 2884 nullam
825 2837 1002 2903 esscposse
1013 2822 1100 2903 juris
1106 2822 1304 2886 securitatem
1319 2823 1387 2885 sine

347 2925 446 3007 aliqua
464 2927 543 3007 juris
568 2925 664 2988 nostri
690 2925 895 2988 diminutione.
933 2924 995 2990 Sed
1021 2926 1091 3007 quia
1113 2943 1203 2988 nemo
1225 2943 1303 2988 vere
1327 2923 1388 2989 frui

346 3029 485 3092 libertate
507 3028 568 3092 clici
587 3036 705 3111 potest,
726 3029 786 3092 aisi
805 3031 896 3111 cujus
911 3033 983 3114 jura
1003 3038 1084 3094 sorta
1104 3037 1182 3094 tecta
1202 3031 1276 3110 sint,
1300 3037 1332 3092 et
1348 3029 1386 3093 ab

345 3134 474 3197 aliorum
487 3133 606 3216 injuriis
620 3141 698 3196 tuta:
714 3135 941 3200 nonimmerito
953 3135 1063 3198 dicitur
1078 3153 1118 3198 eo
1133 3134 1298 3200 firmiorem
1314 3151 1387 3200 csse

347 3238 534 3316 libertatem,
553 3255 615 3319 quo
630 3241 728 3322 magis
750 3258 787 3303 ea
803 3240 842 3304 ad
858 3240 1000 3304 tuendam
1015 3240 1095 3322 juris
1116 3241 1310 3304 securitatem
1326 3257 1387 3312 re-

346 3343 452 3408 stricta
467 3345 515 3408 sit.
549 3342 682 3408 lnoerest
695 3354 796 3411 autem
811 3346 1014 3428 reipublicae,
1036 3345 1121 3407 cives
1142 3345 1231 3408 simul
1247 3351 1279 3408 ct
1294 3361 1387 3426 quum

347 3447 494 3512 latissima
510 3447 571 3513 irai
586 3450 727 3515 libertate
741 3459 773 3514 et
787 3470 875 3533 quum
894 3451 1023 3516 maxima
1034 3451 1114 3532 jnris
1130 3451 1298 3516 securitate
1303 3469 1313 3526 ;
1329 3449 1386 3514 secl

346 3559 509 3634 auumque
531 3554 684 3634 quomodo
705 3557 764 3619 rite
783 3555 869 3620 effici
889 3556 1000 3638 possit,
1018 3556 1159 3636 quaeso
1179 3563 1227 3618 est
1241 3553 1386 3637 perdiffi-

347 3657 424 3721 cilis.
462 3656 542 3722 Cum
553 3660 634 3722 enim
649 3659 852 3740 praeterendo
868 3662 928 3724 sint
943 3678 979 3722 ea
995 3659 1146 3739 instituta,
1165 3677 1246 3742 quae
1261 3661 1385 3742 utrique

345 3763 394 3826 rei
408 3762 585 3845 proliciunt,
605 3770 758 3845 praestat,
781 3764 912 3827 civitatis
934 3765 1061 3828 salutern
1082 3764 1187 3848 populi
1203 3765 1385 3830 educatione

347 3874 380 3929 ot
393 3867 514 3949 publiea
531 3867 718 3930 institutione
738 3887 857 3951 augere
877 3887 966 3950 quam
987 3887 1152 3950 poenarum
1173 3870 1386 3935 comminatio·

346 3970 435 4034 nibus
454 3972 544 4036 tueri.
583 3971 711 4044 Quoties
736 3980 838 4035 autem
857 3975 1015 4054 quaeritur
1020 3995 1029 4052 3
1057 3993 1096 4038 an
1115 3975 1215 4056 aliqua
1234 3974 1385 4038 libertatis

346 4076 604 4159 circumscriptio,
616 4078 696 4161 juris
709 4074 816 4143 tuendi
831 4097 924 4154 causa
939 4077 1033 4160 lama,
1044 4078 1127 4162 justa
1142 4081 1193 4158 sit,
1207 4097 1270 4142 non
1285 4079 1386 4144 solum

344 4178 481 4246 utilitatis
507 4183 639 4252 omnium
660 4192 693 4246 et
715 4201 899 4250 summarum
920 4185 999 4270 juris
1013 4185 1202 4269 regnorum
1228 4183 1311 4250 rsu'u
1336 4191 1386 4250 on
