3109 5292
835 540 899 608 lot

408 722 464 789 83.
486 701 603 801 Restat,
618 729 653 787 ut
665 721 697 785 in
709 721 770 786 hoe
782 721 883 804 capite
891 720 1128 802 monseunain
1137 722 1211 804 jura
1224 720 1386 788 cultiorum

343 828 526 910 populorum
539 834 665 909 praeter
680 826 820 910 singulos
836 825 974 891 homiues
990 833 1021 890 et
1039 826 1115 889 alias
1131 843 1203 890 esse
1225 841 1385 908 persam,

344 951 400 998 seu
415 941 450 996 ut
463 931 637 997 scholastici
655 930 775 1010 dicunt,
794 933 880 1004 juria
896 936 1050 1006 radicclo.
1077 931 1155 996 Sunt
1173 931 1231 996 hae
1253 950 1385 1014 corpora

342 1057 401 1104 seu
416 1039 632 1102 universitates
647 1037 810 1115 lominum,
827 1037 921 1100 veluti
936 1037 1110 1117 municipia,
1125 1035 1269 1119 opificum
1285 1037 1383 1102 soda-

342 1144 418 1223 litia,
434 1145 506 1206 item
522 1143 609 1208 varia
620 1142 751 1224 adonius
766 1142 836 1204 finis
850 1141 971 1206 honesti
987 1141 1196 1224 prosequendi
1212 1159 1306 1206 eausa
1320 1142 1382 1206 ad-

342 1249 435 1312 missa
448 1249 584 1312 institam
599 1247 732 1328 (scopia
741 1251 902 1329 corpora),
919 1247 1030 1328 quibus
1044 1247 1252 1329 patrimonium
1263 1246 1381 1312 habere

342 1353 417 1419 lieet
435 1361 466 1416 ct
486 1351 678 1428 donationes,
701 1350 921 1431 haereditates,
945 1352 1087 1436 legatave
1103 1353 1242 1434 capiendi
1259 1360 1290 1416 et
1300 1355 1390 1436 jans,

341 1459 477 1541 negotia,
492 1476 572 1539 quae
585 1456 624 1522 ad
636 1475 690 1520 eas
705 1459 852 1539 penarum
868 1458 1031 1541 pertineat,
1048 1457 1244 1522 contrahendi
1254 1457 1384 1522 lacultra

215 1631 218 1636 ,
341 1563 464 1646 agium
473 1561 541 1626 data
547 1570 604 1624 est
626 1560 733 1624 Omnia
747 1561 825 1626 haec
838 1579 971 1645 corpora
987 1569 1018 1624 et
1032 1563 1179 1641 insuauia
1194 1579 1273 1643 quae
1279 1562 1380 1646 juris-

342 1667 473 1733 consulti
488 1667 682 1731 recentiores
696 1669 834 1730 moreler
854 1685 909 1730 reu
925 1668 1033 1729 civiter
1048 1685 1203 1742 perseam
1222 1667 1380 1749 appellare

341 1779 581 1851 consueverunt,
591 1789 648 1836 sua
657 1780 766 1836 natura
780 1789 842 1838 non
851 1779 921 1837 sunt
929 1789 1095 1854 personae,
1105 1771 1162 1834 sed
1167 1773 1246 1856 juris
1257 1773 1380 1836 lietiouc

340 1893 493 1956 personae
502 1877 573 1939 vioe
587 1874 749 1953 habeatur,
765 1874 898 1958 ideoque
914 1884 976 1940 tum
992 1877 1112 1940 demum
1128 1894 1167 1939 eo
1176 1877 1250 1958 jure
1265 1875 1378 1940 fruun-

340 1987 401 2056 tur,
418 1998 486 2042 cum
500 1980 573 2063 lege
588 1987 641 2042 aut
655 1978 781 2060 speciali
795 1982 902 2043 summi
917 1981 1094 2062 imperantis
1111 1980 1325 2046 comatutione
1341 1999 1378 2044 aa

341 2084 471 2165 qualitas
486 2083 574 2165 quad
589 2082 837 2166 privilegiantis
854 2101 1002 2148 concessa
1017 2087 1064 2150 sit

739 2299 894 2353 carun
918 2299 975 2352 ιι.
1045 2343 1047 2350 ,

465 2426 510 2497 ua
527 2426 599 2517 jure
620 2443 723 2499 rerum
746 2445 803 2502 ren
825 2433 978 2502 bonomu
998 2432 1033 2500 lu
1055 2433 1243 2504 uniramu.

404 2597 457 2661 84
479 2598 575 2663 Nemo
589 2616 720 2681 unquam
735 2600 871 2684 negavit,
887 2603 1194 2685 negabitve‚nullan
1211 2606 1374 2670 consocia·

337 2700 449 2768 tionem
464 2704 601 2773 inchoari
615 2713 669 2770 aut
680 2723 888 2788 perseverare
897 2725 1000 2788 posse,
1014 2708 1074 2770 nisi
1089 2708 1227 2772 homines
1239 2710 1271 2770 in
1284 2727 1375 2780 unum

338 2809 659 2892 congregatialiquarn
675 2818 780 2874 terrae
796 2821 913 2893 partem
928 2813 1096 2884 inhabitent
1104 2814 1258 2894 rebusque
1271 2822 1375 2882 terre-

337 2914 453 2978 stribus
471 2911 511 2977 ad
534 2915 624 2978 uitam
643 2915 872 2981 sustentandam
894 2923 926 2980 et
944 2917 1166 3000 protegendam
1189 2920 1384 2988 necessariis.

336 3019 381 3081 uti
401 3017 530 3081 valeant
568 3016 688 3080 ideireo
709 3019 798 3085 laede
822 3020 878 3084 luit
897 3021 1170 3099 demonstratum.
1187 3021 1269 3102 750,
1293 3025 1374 3090 omui

336 3136 489 3201 personae
510 3138 562 3184 res
582 3123 849 3205 eas-comparandi
866 3123 1038 3190 facultatem
1055 3136 1230 3210 competere
1247 3128 1373 3192 debere.

336 3223 398 3296 Sed
413 3224 472 3286 alia
487 3225 578 3306 plane
594 3229 733 3307 quaestio
748 3227 825 3292 llaec
842 3237 898 3309 est,
915 3249 975 3312 qua
987 3233 1069 3315 justa
1082 3235 1200 3296 ratione
1212 3233 1372 3310 efficiatur,

336 3335 370 3391 ut
385 3328 485 3408 aliqua
500 3332 633 3411 persona
648 3332 687 3394 de
704 3341 791 3395 certa
807 3351 842 3396 re
857 3334 992 3398 exclusis
1009 3337 1136 3417 reliquis
1151 3337 1289 3402 omnihus
1306 3337 1371 3400 dis-

336 3450 453 3515 ponere
475 3452 605 3516 eamque
624 3443 658 3500 ut
676 3437 734 3500 sibi
757 3441 913 3520 propriam
936 3443 1053 3506 habere
1073 3444 1193 3523 possit?
1224 3442 1299 3508 Curn
1314 3444 1371 3507 lroc

330 3541 384 3621 jus
398 3539 567 3602 dominium
581 3542 667 3615 (siue
681 3547 883 3619 proprietas)
904 3546 1090 3628 appelletur,
1113 3555 1176 3610 tota
1198 3549 1252 3613 lrac
1272 3568 1371 3631 quae-

335 3644 432 3706 stione
448 3646 551 3727 agitur
570 3645 609 3709 de
626 3646 710 3728 justo
726 3647 776 3711 vel
797 3649 933 3732 legitimo
951 3649 1151 3717 dominiorum
1170 3653 1371 3722 solidamento.

334 3746 400 3810 lam
415 3748 495 3830 apud
510 3757 637 3817 veteres
651 3749 782 3814 durante
799 3753 899 3817 medio
915 3773 993 3818 aevo
1009 3764 1041 3821 et
1056 3758 1180 3822 saeculo
1195 3758 1262 3822 XVI
1279 3776 1315 3821 ea
1332 3758 1372 3822 de

334 3868 371 3913 re
385 3853 557 3932 quaesitum
572 3862 634 3934 est,
657 3863 689 3918 et
703 3855 812 3936 fuere,
835 3859 884 3939 qui
906 3857 1056 3938 dixerint,
1079 3861 1160 3925 nulla
1176 3871 1284 3929 natura
1301 3882 1370 3929 esse

334 3955 524 4038 singulorum
540 3957 596 4021 sed
612 3961 744 4024 omniurn
756 3963 867 4041 omnia,
883 3963 967 4028 velut
977 3965 1071 4043 Plato,
1087 3967 1271 4047 Lactantius,
1287 3970 1370 4034 'l'lro-

335 4077 398 4122 mas
414 4060 536 4143 llorus,
557 4060 752 4146 campanella
767 4067 888 4149 aliique.
928 4067 1002 4132 Cum
1019 4078 1120 4134 autern
1136 4077 1286 4146 communi
1302 4093 1370 4139 orn·

334 4164 415 4225 nium
429 4167 566 4247 gentium
582 4169 654 4250 Jure
676 4167 808 4236 dominia
825 4172 966 4248 distincta
981 4175 1056 4254 siut,
1081 4193 1140 4238 nec
1159 4177 1218 4243 hoe
1238 4180 1370 4263 iniquum
