3109 5292
852 580 894 649 ld

358 759 575 848 rneologra1)
602 761 681 848 juris
705 761 851 828 naturalis
878 761 1065 844 disciplinam
1094 761 1214 826 mimme
1240 758 1389 824 intellex-

358 876 455 933 erunt
700 868 703 876 '

422 973 490 1040 Fuit
511 983 611 1038 autem
634 974 691 1038 ista
716 982 748 1038 et
768 975 957 1053 renascentis
977 975 1127 1053 politicae
1150 971 1304 1047 doctrinae
1328 989 1389 1034 ae·

357 1087 402 1143 tas
419 1077 464 1158 ἵ).
487 1087 656 1146 tractarunt
671 1080 749 1144 enim
766 1098 833 1143 eam
847 1079 967 1163 plurimi
982 1080 1161 1163 scriptores,
1183 1077 1390 1161 praescieris

356 1183 497 1249 Nicotaus
511 1185 759 1251 Macchiavellius
774 1184 867 1248 ltalus
883 1181 1080 1262 (†1527)⁸)
1095 1185 1224 1248 Thomas
1233 1177 1391 1260 lloros4),

356 1291 440 1375 regis
461 1289 592 1376 Angliae
614 1291 817 1356 cancellarius
837 1295 860 1366 l
878 1289 978 1370 1535,
1001 1299 1034 1354 et
1053 1290 1205 1354 Gallorum
1225 1287 1390 1352 iuriscon-

356 1394 452 1459 sultus
466 1395 516 1460 Fr.
531 1395 663 1461 Bodiuus
678 1400 719 1473 (†
737 1395 840 1473 1596)
856 1393 904 1475 5);
927 1397 983 1462 sed
1005 1397 1081 1460 alius
1106 1395 1194 1460 aliam
1217 1413 1284 1458 rem
1302 1402 1390 1456 trac·

357 1502 438 1566 madi
453 1503 533 1568 viam
547 1504 626 1568 iniit:
650 1523 716 1568 nam
731 1503 977 1568 Maoohiavellins
992 1512 1130 1585 anquam
1152 1509 1249 1573 artem
1269 1497 1391 1584 priuci-

357 1615 458 1690 patum
475 1608 673 1691 adipiscendi,
689 1610 870 1692 stabiliendi,
887 1610 1033 1695 angendi3
1049 1611 1129 1676 alter
1144 1607 1274 1672 Platonis
1289 1604 1391 1672 vesti-

358 1713 407 1798 gia
432 1723 555 1778 secutus
576 1716 704 1779 idealem
727 1715 838 1799 optime
855 1715 1010 1781 ordinatae
1024 1715 1207 1798 reipublicae
1226 1712 1391 1795 imaginem

357 1821 388 1884 ia
403 1819 511 1902 Utcpia
525 1838 581 1885 sua
597 1819 690 1898 (lb);
712 1821 762 1884 hio
783 1822 914 1905 deniqne
933 1829 1098 1904 praccepta
1118 1820 1157 1883 de
1173 1818 1342 1883 civitatibus
1357 1823 1391 1878 et

282 2002 291 2013 ·
357 1927 462 2010 regnis
477 1944 533 1990 suo
549 1934 684 2011 tempore
699 1927 779 1992 benc
794 1926 1037 1992 administrandis
1049 1935 1080 1992 et
1090 1924 1258 2010 prudenter
1269 1938 1389 2007 repen-

357 2030 403 2095 dis
419 2033 567 2116 proponit

357 2203 523 2284 Praecipua
536 2207 616 2282 jorio
636 2207 779 2292 naturalis
799 2216 965 2285 systemata,
993 2227 1067 2284 qaae
1086 2214 1238 2276 vocantur,
1266 2203 1332 2262 inda
1352 2201 1391 2261 ab

425 2305 546 2384 Hapoae
565 2303 664 2366 Gratia
683 2323 771 2382 usqae
789 2307 831 2364 ad
848 2306 985 2365 Kantiam
1000 2305 1202 2384 pbihasopham
1221 2301 1323 2380 Rspic-

715 2430 719 2438 ·
780 2412 952 2462 montanum.

427 2503 457 2584 8.
480 2519 630 2584 Vicesimo
655 2519 755 2602 quinto
779 2521 894 2584 saeculi
923 2521 1031 2584 decimi
1057 2487 1285 2602 septimi‘anno
1311 2530 1392 2579 nova

263 2684 264 2688 ,
359 2622 586 2709 philosophicae
599 2627 676 2710 juris
693 2625 847 2691 doctrinae
862 2627 916 2691 lux
932 2626 1051 2691 affulsit.
1080 2625 1176 2700 Quum
1192 2625 1271 2687 enim
1280 2621 1393 2705 liugo-

358 2717 406 2795 uis
416 2729 510 2794 Grotii
527 2730 565 2794 de
577 2732 649 2814 jure
665 2730 737 2794 belli
748 2751 784 2796 ao
795 2734 879 2815 pacis
893 2733 963 2795 libri
979 2740 1041 2796 tres
1057 2731 1187 2814 primum
1202 2727 1393 2813 prodierunt,

359 2836 427 2900 inde
448 2855 488 2900 ex
508 2855 546 2900 eo
566 2845 703 2920 tempore
729 2838 779 2901 illa
800 2855 856 2920 pro
880 2838 1028 2920 peculiari
1053 2836 1211 2919 disciplina
1235 2835 1350 2912 habita,
1373 2850 1392 2896 a

359 2941 566 3005 celeberrimis
582 2943 655 3007 viris
672 2943 801 3005 omnium
818 2941 885 3004 lere
897 2941 1038 3025 Europae
1054 2950 1201 3004 terrarum
1217 2939 1392 3024 diligentis-

358 3048 435 3111 sime
463 3049 628 3130 perpolita,
651 3067 723 3111 mox
745 3051 776 3110 in
798 3048 1048 3112 Universitatibus
1073 3055 1214 3129 anquam
1232 3044 1393 3128 potissima

358 3152 612 3238 jurisprudentiae
628 3171 697 3235 pars
714 3153 818 3217 doceri
834 3155 921 3218 solita
937 3161 992 3216 est
1023 3152 1091 3216 Fuit
1109 3160 1210 3216 autem
1225 3153 1291 3236 eJ'us
1307 3157 1392 3213 trac·

360 3258 469 3323 tandac
484 3261 562 3326 ratio
583 3259 709 3342 triplex:
733 3278 769 3324 ao
790 3260 916 3342 primum
936 3257 1055 3341 quidem
1075 3266 1108 3322 ut
1124 3260 1210 3333 juris
1228 3255 1394 3321 maturatio
1494 3259 1497 3262 ’

416 3447 440 3513 1)
459 3445 512 3502 Cir.
524 3443 707 3497 Wincklerum
720 3444 790 3512 apud
802 3446 966 3499 Kallanborn
978 3464 1004 3515 p.
1018 3449 1060 3498 bl.

414 3534 440 3599 2)
459 3533 556 3584 Omnes
568 3532 617 3584 hoa
630 3533 771 3598 scriptores
785 3540 905 3584 recenset
916 3551 941 3584 v.
955 3535 1119 3587 Kaltenborn
1131 3552 1175 3602 pp.
1190 3536 1337 3586 loo-123.

369 3650 371 3658 =
414 3622 440 3688 d)
459 3621 615 3672 Novissimis
628 3635 734 3686 quoque
746 3621 909 3687 temporibus
926 3622 1034 3688 plurimi
1053 3623 1085 3674 da
1103 3623 1302 3676 Macchiarellii
1314 3619 1393 3686 prin·

359 3706 413 3774 ripe
426 3709 594 3774 scripserunt,
613 3709 682 3758 inter
694 3723 761 3773 quos
773 3709 923 3775 praecellit:
939 3710 981 3761 Fr.
994 3711 1138 3778 Ebeling,
1150 3711 1185 3764 N.
1202 3707 1394 3762 Moechiaadls'r
1444 3708 1446 3711 ’

356 3795 501 3861 politischca
518 3793 631 3862 Syram,
656 3813 713 3846 aana
730 3803 814 3862 eramo
830 3796 884 3847 aaut
899 3796 1050 3864 darpestedtt.
1080 3800 1169 3851 Berlin
1183 3802 1259 3852 1850.

414 3883 440 3951 4)
459 3882 524 3948 Ejus
537 3884 636 3950 Utcpia
647 3885 761 3950 primum
778 3884 849 3936 edita
861 3890 901 3936 est
913 3902 981 3936 anno
997 3890 1075 3950 1517;
1094 3889 1191 3956 optimc
1207 3889 1257 3939 Th.
1269 3887 1340 3938 Mori
1353 3887 1393 3938 ui·

298 4025 304 4041 .
361 3975 415 4021 tam
433 3974 535 4022 onomat
548 3972 579 4022 G.
592 3972 623 4021 Τ.
636 3971 815 4035 Rudhardt,
833 3972 949 4025 Narimb.
965 3975 1040 4024 1829.

415 4058 440 4124 5)
459 4059 554 4109 Bodini
572 4059 604 4110 dc
621 4058 759 4126 republica
776 4059 840 4110 libri
856 4075 904 4110 sex
919 4060 1001 4112 latina
1016 4069 1043 4112 et
1057 4063 1155 4130 gallica
1168 4064 1261 4130 scripti
1277 4064 1393 4129 primum

361 4144 513 4210 prodierunt
525 4161 593 4196 anna
610 4148 684 4198 1575.
721 4146 871 4196 Novissime
887 4147 919 4197 da
938 4165 968 4199 co
983 4149 1089 4216 scripsit
1109 4150 1138 4201 G.
1150 4151 1240 4204 Frank
1258 4154 1287 4202 in
1305 4151 1393 4218 Ephe·

362 4229 452 4283 merid.
476 4229 529 4296 „Le
540 4229 703 4300 Spectotear“
721 4233 805 4286 Paris.
817 4231 935 4288 densior.
950 4237 1024 4288 1854.
1035 4222 1080 4306 pp.
1095 4241 1107 4289 1
1121 4254 1179 4307 sqq.
