3109 5292
659 554 724 625 137

172 735 245 821 qnid
266 738 489 820 praestiterim
511 739 608 802 attero
628 737 717 802 idem
740 737 881 819 saliente,
900 755 972 802 men
995 757 1047 804 res
1067 741 1137 806 mitri
1157 743 1210 806 nut

172 859 269 924 opere
292 841 405 908 irustrn
427 845 521 926 perit3
545 845 591 908 sin
613 852 690 906 'vero
705 845 758 906 nit
779 843 877 908 adhuc
897 847 1051 928 praestiti,
1074 848 1211 912 rationes

172 955 273 1010 tumen
289 957 320 1011 et
333 947 481 1012 destinato
498 967 564 1010 men
580 949 694 1011 turbari
710 949 869 1012 molestum
886 958 933 1012 est
943 948 980 1025 ¹).

214 1091 218 1094 -
238 1051 310 1117 Alio
329 1055 398 1118 loco
409 1052 442 1130 ¹)
463 1062 494 1116 ct
513 1055 579 1136 ipse
595 1051 732 1118 Conueni
752 1054 931 1117 sententiam
951 1059 1049 1130 ponte
1065 1071 1126 1114 non
1141 1073 1211 1118 ente

172 1162 351 1222 necessario
368 1165 539 1237 emunda,
554 1163 710 1245 impugnat
725 1161 831 1222 iisdem
848 1159 914 1223 iere
930 1159 1115 1238 rationibu8‚
1137 1159 1210 1240 qui·

171 1262 228 1325 itus
243 1261 368 1328 eronus
383 1263 485 1328 utitur.
523 1264 577 1328 tiis
593 1264 748 1348 subjungit
768 1271 930 1328 tractatum
951 1264 988 1328 de
1009 1263 1163 1327 validitate
1179 1269 1211 1326 et

172 1366 336 1431 substantie
352 1370 585 1452 promissionum
601 1378 633 1432 et
648 1379 821 1452 pectorum,
846 1389 911 1452 cup.
927 1369 975 1432 vt.
991 1367 1142 1431 vintru.

237 1472 453 1539 'thomasius
466 1476 731 1554 tranquillitatem
744 1477 1007 1549 nenertnnnmnnt
1019 1474 1092 1536 etin
1104 1474 1208 1554 specie

171 1579 346 1640 nntnntnm
362 1581 536 1658 annositatis
550 1579 707 1662 postulare
722 1580 826 1655 docet,
842 1587 876 1642 ut
890 1578 967 1642 fides
984 1577 1052 1640 dntn
1068 1577 1098 1640 in
1114 1577 1208 1659 pectis

170 1690 322 1747 servetur.
351 1683 422 1747 inst.
433 1687 495 1769 jur.
510 1685 578 1748 Div.
599 1684 633 1747 L.
647 1683 682 1748 11.
704 1703 730 1747 c.
746 1682 807 1748 vit.
832 1689 868 1757 §.1
879 1683 907 1746 1.
930 1683 983 1745 Nn.
1000 1679 1070 1744 136.

235 1784 479 1850 tiendcisohn
500 1796 588 1869 pecte
608 1789 758 1852 servande
780 1806 850 1852 esse
872 1806 910 1851 eo
931 1787 1065 1869 probare
1084 1784 1209 1863 studuit,

170 1889 253 1972 quod
267 1908 320 1953 res
336 1889 423 1954 elteri
439 1893 588 1974 promisso
603 1893 816 1975 promittendis
833 1911 903 1958 esse
921 1892 1053 1970 desinat,
1076 1899 1106 1955 et
1121 1891 1208 1955 elteri

82 2052 85 2056 .
170 1995 314 2076 acquisitu
330 2013 401 2058 esse
419 1997 550 2080 incipiat.

235 2100 399 2184 lirugius
414 2102 544 2184 primum
558 2102 626 2165 ilias
641 2102 859 2166 conventiones
880 2101 1022 2165 revocari
1038 2117 1099 2163 non
1113 2115 1207 2183 posse

169 2204 279 2285 tradit,
303 2223 343 2267 ex
358 2206 469 2287 quibus
484 2207 585 2289 ntique
608 2208 773 2289 praestatio
796 2204 876 2269 iacta
899 2207 951 2283 sit;
974 2205 1107 2286 reliques
1131 2221 1208 2268 vero

163 2309 339 2384 ¹snrvnndos
352 2327 422 2373 esse
436 2312 507 2374 idco
520 2320 613 2395 putet,
629 2312 709 2394 quod
723 2317 927 2382 concurrente
940 2309 1111 2374 duorum'in
1126 2309 1208 2372 idem

169 2413 314 2498 pincitum
337 2433 492 2479 consensu
510 2417 590 2500 juris
609 2417 767 2498 utriusque
790 2417 958 2479 communio
982 2405 1142 2490 eiicietum
1167 2412 1207 2476 de

167 2537 226 2601 que
249 2519 329 2582 ulter
352 2520 452 2584 nitero
473 2521 568 2586 invito
589 2521 754 2604 disponere
775 2540 836 2583 non
859 2523 963 2603 possit.
1003 2519 1207 2604 Diirneologie

169 2627 199 2698 §-
216 2621 275 2686 54.-
286 2623 338 2686 55.

238 2727 334 2792 tt'nus
347 2728 517 2803 (elemento
528 2731 608 2814 juris
622 2731 768 2796 naturalis
785 2737 815 2807 s.
830 2729 920 2808 167.)
937 2729 1073 2794 reiutntis
1090 2728 1206 2794 edver-

168 2832 512 2915 suntium‘opinionibus
535 2837 585 2910 (in
606 2841 635 2911 §-
653 2835 856 2912 too-tto.)
876 2837 1028 2901 hominum
1052 2849 1207 2898 commer-

170 2937 266 3016 cium,
283 2942 443 3020 pectorum
464 2943 624 3005 sunctitnte
644 2943 698 3005 niti
714 2941 904 3007 menifestum
920 2959 991 3004 esse
1011 2941 1097 3020 dicit,
1117 2947 1207 3022 puoto

168 3042 244 3104 inito
260 3042 409 3105 libertatis
421 3053 544 3109 nostroe
557 3047 727 3127 portionem
740 3045 889 3127 quendum
904 3045 1028 3109 utiennri
1042 3043 1206 3121 contendit,

169 3141 207 3209 de
223 3165 285 3228 qun
300 3147 357 3210 sub
374 3148 500 3211 niteritm
515 3158 665 3231 potestate
681 3158 836 3228 versante,
859 3167 920 3212 non
936 3164 990 3212 nos
1007 3150 1062 3213 sed
1079 3148 1206 3211 niterum

169 3257 284 3314 tontum
304 3265 398 3333 posse
417 3252 585 3335 disponere
605 3255 687 3318 dicit.
724 3253 859 3335 ideoque
880 3253 1045 3316 voluntatis
1061 3253 1206 3316 mutatio·

168 3368 238 3416 nem
253 3355 368 3418 nullum
385 3355 528 3420 effectum
545 3376 636 3440 posse
656 3359 770 3423 hebere
788 3357 949 3421 concludit.

234 3459 339 3544 Hugo
353 3463 605 3542 promissionibus
625 3463 763 3527 standum
788 3480 873 3542 esse,
891 3465 970 3548 juris
990 3463 1130 3546 regulum
1151 3479 1206 3525 sue

167 3562 197 3627 vi
212 3573 404 3628 constantem
418 3585 478 3630 non
495 3585 565 3630 esse
581 3570 749 3648 existimat,
771 3567 827 3632 sed
844 3574 895 3631 out
911 3568 1047 3629 ethicum
1066 3565 1206 3645 odicium,

166 3677 219 3731 aut
229 3670 309 3753 juris
324 3670 424 3733 'civitio
438 3671 595 3753 (positivi)
617 3673 819 3750 sanctionem
842 3689 901 3735 nec
915 3671 1026 3734 rutioni
1042 3675 1205 3733 consentu·

221 3933 247 4002 1)
264 3935 306 3986 De
314 3935 376 4000 juro
388 3939 441 3986 unt.
455 3942 482 3985 et
493 3940 566 4002 gent.
584 3933 631 3984 lib.
645 3934 693 3984 111.
713 3949 737 3986 c.
752 3939 792 3985 14.
812 3937 834 3998 ς.
850 3939 874 3986 2.
905 3934 1017 3986 Deroirs
1035 3933 1066 3984 de
1082 3932 1204 3984 l'homme

166 4027 192 4071 et
204 4021 240 4072 du
253 4023 369 4087 citoyen,
388 4021 470 4072 editio
488 4021 572 4074 Porio.
588 4037 615 4088 p.
631 4024 689 4072 146.
782 4013 785 4020 ’
1075 4011 1077 4018 “

220 4117 247 4184 2)
265 4117 347 4169 Libro
361 4117 409 4168 111.
430 4130 452 4168 c.
466 4118 496 4168 V.
516 4121 539 4182 ἕ.
554 4120 658 4169 9-11.
680 4117 888 4170 Pudendorfium
901 4117 1020 4184 sequitur
1033 4117 1204 4184 Burlumequi

165 4218 227 4272 pore
238 4203 288 4255 112
308 4219 332 4256 o.
346 4204 371 4255 5.
390 4206 414 4268 ξ.
427 4205 542 4256 en-eo,
1009 4219 1015 4228 “
1183 4225 1186 4230 ·
