3109 5292
855 573 899 638 82

356 763 420 819 tum
436 755 475 818 de
492 771 595 818 earum
611 753 804 832 diversitate,
825 751 935 816 deinde
955 753 996 816 de
1015 754 1110 818 variis
1125 753 1203 836 juris
1219 749 1397 816 necessitu-

356 859 476 924 dinibus
492 857 710 941 dispiciendum
731 865 791 934 est;
815 856 947 938 denique
967 857 1139 921 delinienda
1160 865 1192 920 et
1212 854 1398 938 exponenda

359 967 519 1048 euntium,
536 983 613 1045 quae
628 963 799 1026 bominibus
815 963 968 1025 societatis
984 964 1106 1027 vinculo
1121 963 1291 1045 conjunctis
1307 979 1397 1024 corn·

357 1079 464 1151 petere
480 1070 588 1133 solent.

426 1173 478 1235 61.
504 1178 539 1248 a)
563 1173 667 1236 Omnis
682 1176 761 1257 juris
786 1176 920 1238 delinitio
946 1181 994 1237 est
1022 1175 1180 1246 genero&
1209 1167 1395 1244 constitutio,

355 1296 433 1360 quae
449 1293 601 1360 personae
617 1287 784 1354 externae,
800 1297 887 1360 quarn
903 1285 1022 1355 vocant,
1043 1276 1190 1338 libertatis
1206 1272 1396 1356 provinciam

353 1383 487 1465 impertit
509 1390 542 1444 et
561 1383 698 1466 reliquos
720 1403 787 1447 eam
808 1384 894 1446 velut
911 1381 1116 1447 inviolabilem
1136 1376 1316 1441 aestimandi
1336 1393 1396 1437 ne-

354 1489 504 1569 cessitate¹
521 1487 689 1570 adstringit.
719 1488 907 1552 Rectissime
928 1489 1021 1570 igitur
1041 1484 1251 1568 jurisconsulti
1270 1479 1397 1545 Romani

353 1592 476 1654 docent:
500 1594 589 1676 „jura
613 1592 773 1674 generalia
799 1593 1025 1655 constituuntur
1052 1589 1097 1668 ¹),
1117 1608 1178 1650 nec
1201 1590 1233 1650 in
1257 1587 1396 1670 singulas

254 1747 255 1750 ,
352 1697 539 1777 personas“,
562 1695 670 1759 eadem
688 1703 735 1758 est
759 1697 839 1780 legis
860 1697 973 1775 virtus,
997 1714 1076 1777 quae
1100 1695 1214 1758 ideireo
1237 1708 1396 1755 commune

351 1808 550 1882 praeceptum
575 1800 685 1862 dicitur
702 1797 732 1874 ²)
758 1809 789 1862 et
812 1821 829 1864 a
854 1801 1012 1882 personali
1043 1798 1259 1861 constitutione
1285 1795 1395 1872 differt,

352 1905 370 1966 i.
382 1923 409 1966 e.
426 1923 476 1982 en,
500 1923 559 1984 qua
574 1905 719 1985 princeps
737 1905 868 1969 civitatis
886 1906 977 1969 alicui
992 1905 1032 1968 ob
1049 1905 1187 1966 meritum
1203 1901 1275 1984 quid
1292 1898 1395 1962 indul·

351 2015 406 2090 get
421 2008 471 2069 vel
487 2009 513 2070 si
529 2025 617 2088 quam
632 2026 762 2091 poenam
782 2011 810 2072 ei
826 2011 954 2094 irrogat,
971 2011 1022 2072 vel
1037 2009 1155 2072 cuidam
1171 2009 1238 2070 sine
1255 2003 1396 2086 exemplo

350 2111 494 2174 subvenit
514 2109 553 2186 ³).
1075 2119 1079 2122 ’

417 2214 456 2288 b)
480 2211 553 2276 Cium
571 2224 671 2278 autem
684 2219 761 2300 juris
777 2219 952 2301 praeceptis
969 2227 1098 2281 exterae
1114 2225 1227 2280 tanturn
1244 2214 1397 2277 bominum

349 2335 402 2380 res
421 2319 577 2400 subjectae
593 2321 661 2398 sint,
673 2324 870 2403 perspicuum
887 2331 944 2399 est,
957 2311 1005 2402 ea,
1015 2341 1092 2403 quae
1108 2329 1177 2384 sunt
1193 2319 1295 2396 animi,
1305 2317 1397 2400 cogi-

353 2423 482 2486 tationes
498 2423 720 2505 opinionesque
736 2425 889 2486 hominum
906 2427 942 2487 iis
958 2444 1018 2487 non
1036 2426 1159 2507 attingi;
1176 2428 1273 2505 quare
1281 2423 1396 2485 Rorna-

351 2546 458 2590 norum
477 2529 688 2610 jurisconsulti
711 2538 797 2592 recte
819 2530 975 2593 dixerunt:
1005 2530 1244 2612 „cogitationum
1266 2542 1396 2610 poenam

304 2677 306 2680 -
351 2633 501 2694 neminem
518 2633 598 2714 paria
617 2630 658 2708 4).
697 2633 822 2706 Quoties
844 2652 919 2696 vero
940 2635 1006 2695 sive
1023 2634 1126 2696 verbis
1149 2635 1217 2696 sive
1235 2633 1324 2696 laetis
1341 2648 1396 2692 eae

353 2737 553 2820 cogitationes
570 2737 809 2816 manifestantur,
827 2739 935 2818 quibus
952 2739 1095 2801 delictum
1113 2737 1235 2818 aliquod
1253 2719 1396 2798 commil-

351 2841 440 2918 titur‚
463 2841 564 2921 puniri
580 2840 648 2902 illae
664 2839 776 2916 solent3
803 2843 897 2936 immq
908 2843 1007 2904 medio
1030 2860 1108 2904 aevo
1125 2858 1245 2924 poenae
1261 2843 1352 2902 etiam
1367 2838 1397 2900 in

352 2961 406 3006 eos
422 2951 510 3006 erant
525 2951 667 3020 statutae,
684 2945 734 3023 qui
751 2943 930 3008 christianae
946 2947 1105 3030 religionis
1121 2946 1262 3030 dogmata
1277 2945 1396 3026 impro-

351 3047 463 3109 babant
479 3055 510 3108 et
525 3046 713 3109 beresiarum
731 3049 777 3109 rei
789 3048 1010 3129 judicabantur.

419 3155 453 3224 c)
475 3149 614 3232 Denique
632 3153 711 3234 juris
732 3150 837 3213 tuendi
859 3151 1106 3235 defendendique
1126 3172 1219 3218 causa
1237 3152 1267 3215 in
1284 3151 1397 3215 civita-

351 3254 430 3315 tibus
446 3255 641 3336 magistratus
658 3263 727 3317 sunt
743 3257 881 3334 instituti,
892 3277 1020 3338 quorum
1037 3267 1085 3321 est
1100 3259 1243 3342 vigilare,
1258 3274 1300 3318 ne
1318 3273 1397 3318 con-

352 3358 447 3420 stituti
457 3359 538 3438 J'uris
554 3376 722 3440 aggressus
739 3359 820 3437 fiant,
843 3360 986 3442 itemque,
1007 3363 1034 3425 si
1049 3381 1102 3425 res
1117 3363 1268 3446 postulat,
1289 3362 1350 3423 vim
1367 3360 1397 3423 vi

352 3460 508 3541 repellere
525 3469 566 3540 et,
583 3461 693 3544 injurii
710 3463 801 3541 illata,
818 3472 852 3526 ut
866 3467 1066 3528 restituantur
1082 3467 1189 3544 omnia,
1207 3482 1330 3528 curare.

418 3562 471 3627 62.
495 3565 554 3629 Sed
567 3567 646 3648 juris
662 3577 830 3650 praecepta
846 3571 932 3633 varia
947 3571 1065 3634 ratione
1086 3573 1167 3634 inter
1190 3588 1225 3633 se
1242 3567 1396 3632 differunt

441 3672 475 3743 a)
499 3667 573 3732 Sunt
603 3671 682 3732 eninr
711 3672 854 3751 quaedam
888 3675 1027 3737 omnibus
1057 3676 1181 3758 populis
1212 3673 1395 3737 cultioribus

312 3865 315 3872 Δ
352 3775 533 3852 communia,
556 3774 637 3837 unde
653 3777 707 3846 ius
726 3779 865 3853 gentium
886 3796 903 3839 a
924 3780 1081 3848 veteribus
1103 3779 1332 3863 appellabatur3
1364 3783 1396 3838 et

405 4203 421 4248 4
450 4201 492 4252 Fr.
514 4205 545 4252 18
564 4206 597 4254 D.
617 4207 660 4254 48.
682 4207 712 4254 19
733 4205 784 4269 (De
801 4205 914 4273 poenis.)
