3109 5292
351 726 499 806 debiturn,
522 725 628 790 morati
650 725 835 790 necessitate
856 723 951 805 pulsi,
972 721 1123 806 praestari
1136 721 1200 786 'silli
1218 719 1386 803 postulent,

352 846 409 914 pro
420 834 510 902 iusto
523 831 637 894 habere
652 829 777 894 soleant.
814 829 926 892 Nititur
941 835 1044 892 autem
1062 827 1138 890 naec
1149 830 1265 910 justum
1284 840 1385 906 appe-

352 936 434 1000 tendi
462 943 552 1017 atque
582 934 757 1018 praestandi
785 934 950 1016 propensio
970 933 1004 994 in
1026 931 1154 1013 quadam
1177 930 1272 992 intimi
1296 928 1386 990 animi

352 1042 557 1124 permotione,
578 1057 668 1121 quam
683 1041 851 1121 scriptores
866 1037 987 1120 quidam
1003 1037 1085 1107 justi
1104 1053 1230 1096 amram
1248 1031 1386 1115 appella-

352 1153 480 1223 verunt,
507 1159 585 1225 quo,
609 1142 682 1223 quid
699 1145 815 1226 justum
836 1144 893 1220 sit,
917 1141 1010 1204 lacile
1031 1139 1246 1222 intelligimus,
1273 1135 1387 1218 quique

353 1264 468 1311 summa
483 1247 570 1328 quasi
584 1247 663 1309 ratio
685 1263 721 1309 ao
740 1245 864 1308 moralis
885 1253 1012 1309 naturae
1031 1253 1154 1307 nostrae
1174 1259 1319 1324 suprema
1333 1240 1387 1303 les

353 1359 417 1414 tum
431 1351 559 1414 honeste
574 1351 681 1414 vivere
701 1350 864 1433 praecipit,
885 1358 948 1413 tum
963 1349 1091 1414 alterum
1109 1365 1169 1412 non
1185 1343 1387 1410 laederesed

354 1473 443 1519 suum
457 1457 566 1536 cuique
582 1455 716 1517 tribuere
728 1455 825 1538 Juhet.

421 1557 472 1621 39.
498 1557 616 1637 Fuere,
649 1560 700 1639 qui
722 1559 800 1622 hanc
821 1559 911 1621 animi
938 1561 1035 1623 nostri
1063 1557 1254 1622 allectionem
1276 1562 1328 1618 aut
1347 1571 1390 1618 ex

355 1679 460 1726 amore
476 1679 552 1744 erga
567 1679 602 1724 se
617 1662 733 1746 ipsum,
755 1670 807 1724 aut
821 1679 863 1725 ea
877 1663 979 1725 innata
998 1663 1087 1725 nobis
1102 1680 1178 1745 erga
1198 1661 1276 1725 alios
1289 1660 1389 1722 bene-

237 1760 239 1764 ‘
355 1767 487 1830 volentia
509 1768 593 1830 nasci
615 1766 772 1830 docerent.
810 1766 869 1830 Sed
889 1768 917 1830 si
936 1784 1043 1829 aerum
1062 1767 1237 1847 quaerimus
1257 1764 1392 1846 diligen-

356 1871 478 1952 tiusque
492 1877 584 1951 atque
601 1871 770 1934 accuratius
785 1888 852 1933 rem
865 1871 1078 1952 perspicimus,
1092 1879 1257 1951 atramque·
1266 1869 1307 1932 de
1318 1867 1393 1950 justi

356 1976 475 2058 origine
496 1983 527 2038 et
546 1983 654 2038 natura
676 1976 848 2056 opinionem
871 1975 977 2038 lalsam
997 1992 1069 2038 esse
1090 1975 1183 2038 certis
1204 1971 1391 2057 argumentis

356 2079 481 2161 probari
496 2087 606 2160 potest

425 2181 462 2256 l)
484 2183 603 2246 Etenim
623 2183 748 2266 injustas
772 2185 908 2247 actiones
927 2185 995 2247 sire
1017 2184 1055 2246 alr
1077 2183 1146 2246 aliis
1173 2183 1240 2246 sive
1262 2199 1282 2244 a
1303 2181 1391 2246 nolis

356 2286 431 2369 ipsis
452 2288 628 2351 commissas
644 2306 740 2372 aegre
755 2289 897 2367 ierimus,
920 2304 1049 2370 easque,
1070 2289 1144 2352 licet
1157 2287 1250 2351 utiles
1270 2286 1392 2363 (nolim

356 2390 479 2455 suturae
495 2391 670 2470 videantur,
686 2401 786 2456 tamen
802 2401 836 2457 ut
851 2395 1003 2475 improbas
1018 2395 1241 2476 vituperamus,
1263 2393 1392 2455 damna-

357 2511 434 2573 mrm,
450 2496 612 2577 rejicimus.
637 2495 722 2560 Unde
738 2497 916 2580 injuriarum
931 2499 998 2562 aliis
1011 2517 1029 2560 a
1042 2499 1131 2562 nobis
1146 2498 1298 2562 illatarum
1313 2511 1393 2578 poe-

356 2599 482 2662 nitentia
514 2607 604 2680 atquc
635 2602 724 2663 animi
752 2602 858 2664 dolore
889 2602 1058 2666 afflcinam
1085 2601 1129 2664 At
1157 2608 1266 2663 contra
1291 2601 1394 2683 justae

295 2690 297 2694 Α
355 2719 470 2768 causae
484 2704 613 2767 victoria
632 2705 720 2768 nobis
740 2704 842 2786 placet
855 2713 887 2769 et
904 2707 989 2770 velut
1008 2723 1060 2770 res
1081 2704 1311 2788 exoptatissima
1325 2703 1395 2766 ani-

357 2827 438 2872 mum
455 2803 577 2872 extollit
589 2816 679 2891 atque
695 2809 837 2873 deiectat

424 2911 465 2985 2)
487 2911 520 2974 ln
536 2913 667 2976 omnium
683 2914 819 2996 gentium
833 2913 948 2998 linguis
967 2916 1166 2997 reperiuntur
1185 2913 1281 2976 verba
1296 2927 1396 2993 quae·

359 3015 427 3080 dam
449 3015 487 3079 ad
511 3017 612 3080 varias
633 3017 773 3082 notiones
797 3017 1021 3102 designandas,
1048 3037 1128 3101 quae
1149 3035 1213 3082 non
1235 3017 1397 3093 haberent,

359 3120 418 3182 nisi
436 3122 554 3202 justum
573 3127 604 3183 et
626 3121 769 3204 injustum
791 3123 980 3206 distinguere
1002 3124 1154 3201 solerent,
1175 3120 1263 3184 velut
1286 3119 1397 3196 meriti,

360 3224 626 3304 remunerationis,
643 3243 777 3308 poenae,
793 3228 916 3292 ultionis
932 3227 971 3290 ob
986 3229 1113 3311 injurias
1128 3226 1242 3304 illatas,
1261 3224 1354 3305 aequi
1369 3230 1400 3286 et

358 3329 469 3410 ‘iniqui,
489 3330 569 3411 grati
585 3336 616 3392 et
629 3330 741 3412 ingrati
757 3332 847 3394 animi
861 3339 920 3394 etc.

428 3429 466 3507 3)
489 3430 535 3494 De
550 3433 633 3515 justo
650 3451 686 3496 ac
708 3435 774 3497 utili
795 3436 934 3498 notiones
957 3453 1013 3498 sua
1034 3435 1124 3497 aiae
1143 3433 1248 3496 indole
1264 3433 1350 3494 inter
1364 3448 1399 3494 se

362 3533 499 3614 differre,
510 3553 600 3600 nemo
616 3546 673 3615 est,
689 3540 741 3619 qui
754 3556 817 3602 non
831 3539 989 3622 intelligat
1012 3536 1121 3618 Saepe,
1135 3555 1215 3618 quae
1229 3537 1321 3600 nobis
1336 3535 1400 3598 uti·

360 3640 475 3703 lissima
499 3640 661 3718 videntur,
690 3659 727 3704 ea
751 3651 786 3706 ut
808 3643 910 3722 iniqua
934 3660 976 3704 ex
1001 3641 1109 3703 intima
1132 3641 1224 3703 animi
1246 3639 1401 3704 sententia

362 3743 551 3820 damnamus3
567 3743 653 3822 dum,
669 3761 748 3824 quac
760 3747 842 3827 justa
858 3753 940 3824 sunt,
956 3746 1161 3827 approbamus
1176 3744 1296 3807 etamsi
1311 3743 1401 3806 dam·

360 3865 430 3910 num
444 3847 568 3928 aliquod
583 3847 768 3910 contrahere
783 3866 841 3911 nos
857 3849 1102 3932 cognoverimus.

377 3989 380 3998 ‹
429 3949 586 4012 Neminem
605 3948 684 4033 lugit
703 3951 832 4034 vulgare
850 3952 924 4015 illud
944 3953 1069 4016 dietam
1093 3951 1180 4031 „Fiat
1196 3951 1332 4033 justitia,
1353 3954 1405 4025 (et

364 4053 405 4130 si)
420 4061 528 4134 pereat
542 4055 701 4118 mundus.“
729 4055 791 4120 Sed
811 4065 842 4119 et
855 4058 946 4138 plane
960 4056 1038 4120 alius
1053 4063 1103 4119 est
1116 4054 1320 4119 ratiocinandi
1332 4061 1404 4118 uro·
1522 4140 1523 4149 ἵ

363 4153 437 4232 das,
461 4157 488 4218 si
511 4157 582 4237 quis
600 4175 782 4240 quemquam
804 4160 989 4224 conducere
1013 4160 1130 4240 studet,
1151 4157 1225 4242 quid
1247 4159 1279 4222 in
1301 4158 1404 4241 aliqua
