3109 5292
708 627 713 642 ,
827 527 872 593 bd

399 713 435 785 a)
457 705 710 772 'leuemurenim
732 701 840 768 iisdem
861 703 1002 784 eorporis
1023 702 1122 769 noent
1143 700 1370 784 eupiditatibus,

283 835 284 838 ¹
332 813 441 896 quibus
464 819 495 875 et
515 819 619 876 cetera
640 809 800 874 animantia
820 815 988 890 reguntur,
1011 814 1044 871 ut
1063 809 1156 872 vitam
1178 805 1369 892 sustentandi

332 916 626 996 incolumitatemque
641 912 787 976 servandi
800 909 913 989 studio,
930 911 1020 976 sieuti
1035 917 1068 974 et
1081 910 1254 993 voluptates
1268 928 1369 992 quae·

332 1019 421 1086 rendi
437 1027 469 1084 et
484 1019 620 1082 seruulis
636 1016 860 1100 conjunctionis
878 1017 1023 1097 appetitu.

399 1126 438 1198 b)
459 1123 618 1186 blovemur
634 1121 744 1186 deinde
761 1119 939 1197 desideriis,
958 1119 1057 1184 animo
1070 1121 1121 1184 uel
1136 1119 1229 1185 menti
1243 1127 1369 1186 nostrae

332 1229 445 1307 insitis,
460 1236 493 1291 ut
509 1227 655 1290 scientiae
670 1225 872 1306 veritatisque
891 1225 929 1297 (i.
945 1242 972 1287 e.
989 1233 1020 1288 et
1033 1226 1232 1291 humanarum
1248 1226 1369 1289 dinna-

333 1351 464 1414 rumque
493 1335 620 1406 rerum)
649 1328 839 1412 indagandae
866 1327 967 1392 studio
979 1327 1024 1407 ¹),
1053 1336 1116 1392 tum
1137 1329 1369 1395 aestbetiearum

333 1438 538 1519 uoluptatum,
562 1452 638 1516 quas
660 1451 825 1528 voeamus,
853 1431 1075 1513 delectatione,
1102 1434 1214 1500 bonum
1237 1433 1369 1516 denique

333 1541 484 1623 sequendi
507 1550 538 1604 et
559 1539 689 1605 honeste
711 1536 833 1602 vivendi
856 1544 887 1601 et
910 1536 975 1600 Deo
998 1536 1138 1618 placendi
1159 1545 1370 1607 eoustanteet

333 1653 483 1729 perpetua
498 1643 715 1726 propensione.

401 1748 434 1810 ln
455 1747 593 1812 omnibus
613 1747 698 1810 hisee
719 1745 883 1809 voluntatis
907 1751 1032 1808 nostrae
1052 1745 1237 1828 appetitibus
1257 1745 1370 1828 triplex

333 1854 483 1918 actionum
499 1869 598 1935 genus
614 1850 805 1933 distinguere
821 1849 902 1912 lieet.
940 1847 1003 1912 Aut
1017 1851 1098 1913 enim
1111 1852 1321 1928 „imrtnetu,“
1336 1857 1371 1914 ut

335 1957 394 2022 diei
414 1957 512 2034 solet,
536 1956 555 2018 i.
571 1974 598 2019 e.
624 1973 720 2018 oaeoo
745 1954 876 2036 quodem
900 1953 1053 2020 desiderio
1078 1963 1110 2018 et
1128 1956 1260 2020 naturali
1283 1955 1371 2037 omri

333 2061 520 2126 necessitate
537 2058 575 2122 ad
590 2058 727 2124 facienda
745 2077 794 2136 ea,
810 2077 891 2140 quae
905 2059 994 2121 nobis
1009 2059 1139 2140 plaoent,
1155 2061 1290 2142 rapimur
1295 2080 1304 2135 ;
1320 2068 1371 2126 aut

333 2165 427 2228 rebus
444 2172 475 2227 et
494 2162 582 2227 laobs
603 2161 782 2245 diligentins
802 2164 996 2241 examinatis,
1017 2163 1062 2242 id,
1085 2165 1168 2244 quod
1187 2167 1298 2227 attitiae
1312 2173 1369 2242 est,

334 2268 496 2352 prudentia
512 2267 605 2346 ducti,
621 2268 851 2350 cognoscimus3
872 2274 925 2330 aut
939 2266 1011 2330 boni
1026 2275 1058 2330 et
1079 2269 1150 2332 mali
1169 2270 1271 2332 linium
1290 2269 1371 2334 omni

334 2371 451 2435 ratione
467 2370 568 2434 habita
580 2370 620 2449 id,
635 2370 719 2451 quod
734 2378 846 2432 rectae
860 2373 979 2433 rationi
994 2372 1025 2435 in
1039 2390 1075 2436 se
1090 2374 1199 2438 Ιιοιιιιιιι
1214 2391 1253 2436 ae
1268 2374 1370 2438 boue-

336 2483 414 2539 stum
430 2481 569 2556 apparet,
585 2461 670 2537 velut
684 2491 701 2538 a
717 2475 865 2556 sapientia
875 2478 997 2558 jussum
1010 2477 1232 2558 persequimur.

402 2577 516 2640 Omnes
540 2585 642 2642 autem
665 2579 820 2660 appetitos
842 2588 874 2643 et
894 2579 1077 2659 cupiditates
1101 2580 1230 2645 naturali
1254 2581 1372 2644 cuidam

290 2691 292 2693 ·
335 2681 565 2760 promessionem
581 2689 632 2744 aut
646 2680 831 2764 gradationis
846 2681 911 2765 legi
924 2684 1144 2765 obtemperant,
1157 2703 1218 2765 qua
1232 2685 1371 2763 effloimr,

336 2795 379 2866 ut,
395 2787 422 2850 si
437 2793 650 2864 renascantur,
665 2785 732 2848 illas
746 2785 891 2867 explendi
903 2787 1025 2850 stimulo
1038 2787 1233 2866 concitemur,
1248 2790 1370 2869 saepis·

295 2935 298 2940 Δ
334 2892 473 2972 simeque
485 2889 670 2973 jucundiore
686 2895 738 2952 aut
752 2889 894 2970 politiore
915 2908 1004 2970 quam
1020 2897 1110 2954 anteo
1124 2909 1212 2953 more
1225 2891 1263 2954 iis
1279 2893 1371 2956 satis·

336 2994 442 3058 iaoere
454 2993 639 3069 studeamus,
655 2991 735 3056 unde
749 2993 846 3055 omnis
858 2992 1048 3057 humanitatis
1061 3001 1212 3076 perpetuo
1225 3011 1371 3068 ereseeus

338 3098 529 3179 progressio.

404 3197 455 3263 36.
479 3199 571 3263 Hisce
592 3201 732 3283 eorporis
759 3201 909 3281 animique
933 3199 1054 3266 dotibus
1077 3209 1241 3266 axomates
1266 3202 1371 3264 diver-

338 3307 457 3387 sisque,
476 3321 553 3386 quos
569 3307 828 3384 enumeravimus,
849 3307 1033 3386 appetitibus
1049 3306 1297 3389 obtemperantes
1311 3306 1371 3369 bo-

337 3411 434 3474 mines
449 3425 510 3471 non
533 3409 697 3472 solitariam
715 3411 808 3473 vitam
829 3411 953 3490 rivere,
976 3410 1032 3474 sed
1055 3428 1124 3474 oum
1143 3409 1210 3473 aliis
1232 3409 1271 3472 ad
1292 3412 1371 3474 vitae

338 3517 515 3578 societatem
531 3531 602 3578 sese
618 3515 798 3579 eonoiliasse
814 3515 959 3579 videmus
996 3514 1070 3577 lnde
1084 3521 1208 3578 mutuae
1223 3515 1304 3579 inter
1320 3532 1372 3578 eos

338 3619 394 3682 sed
409 3637 554 3701 perquam
571 3620 675 3682 ramae
697 3637 738 3681 ex
752 3618 811 3681 hae
828 3617 1050 3683 consuetudine
1066 3617 1215 3682 oriundae
1230 3619 1371 3681 necessi-

338 3722 473 3801 tudines,
495 3721 605 3804 quibus
624 3723 883 3786 interredentibus
906 3731 937 3787 et
952 3722 1011 3785 alia
1030 3722 1185 3786 desideria
1203 3729 1255 3784 aut
1274 3721 1371 3787 studia

338 3825 569 3889 interbomines
584 3834 761 3890 naseuntur.
1372 3875 1377 3886 ,

405 3928 427 3993 Ι.
450 3929 578 4012 Semper
594 3941 692 3995 autem
707 3932 810 4013 bomo,
824 3934 897 3998 lioet
911 3930 1068 3996 societatis
1083 3931 1207 3995 moenio
1223 3949 1292 3995 eum
1307 3931 1373 3997 aliis

396 4082 421 4148 1)
439 4083 552 4146 „Omnes
565 4084 694 4136 trahimur
707 4092 733 4136 et
746 4086 867 4138 dneimnr
884 4086 918 4137 ad
936 4087 1097 4154 cognitionis
1116 4092 1143 4138 et
1160 4087 1289 4138 soientiae
1301 4085 1372 4151 eupi-

341 4167 474 4220 ditatem.“
498 4169 591 4222 (lioero
605 4170 637 4222 de
649 4171 743 4224 officiis
756 4171 779 4237 1,
792 4175 816 4236 6,
832 4175 872 4223 18.
