3109 5292
347 727 405 789 rali
420 728 458 792 ab
472 727 583 809 injuria
598 723 830 806 prohibeantur,
850 731 954 786 umen
973 723 1094 808 tepttas
1108 721 1229 786 damam
1242 719 1387 784 ciuilibus

348 831 416 894 latis
433 830 641 906 constituitur,
662 827 783 910 quando
804 835 838 891 et
856 845 1003 909 quaeum
1022 828 1130 910 injuria
1149 826 1251 908 aliquo
1272 832 1386 887 oonmu

349 936 510 997 commissa
538 932 689 1011 rideatur,
715 941 746 994 et
768 930 1018 1013 quemadmodum
1047 931 1188 994 damnum
1208 948 1249 993 ea
1271 929 1386 992 illatrtar

347 1035 577 1102 resarciendum
591 1045 644 1100 aut
659 1055 718 1119 qua
733 1055 831 1119 poena
846 1036 1061 1099 vindicandum
1075 1038 1116 1098 sit
1133 1036 1172 1110 ¹).

414 1141 467 1205 21.
493 1142 601 1216 Loltd,
623 1142 683 1205 viri
698 1141 903 1220 celeberrimi,
923 1148 987 1203 tota
1001 1141 1041 1202 de
1057 1139 1293 1201 &nimione
1306 1135 1386 1199 ctet-

349 1245 499 1322 tatami)
523 1245 686 1326 disputatio
703 1264 741 1310 en
757 1244 869 1325 tendit,
890 1253 923 1308 ut
943 1246 1036 1308 certis
1051 1244 1241 1328 argumentis
1255 1241 1386 1304 demon-

347 1360 590 1434 stretquaenam
604 1351 714 1414 summi
728 1351 919 1432 reipublicae
933 1352 1150 1434 gubernatoris
1165 1348 1304 1431 legitima
1315 1349 1387 1429 jura

348 1473 419 1520 esse
434 1457 552 1538 possint
567 1453 761 1518 debeantne?
787 1454 855 1526 Quo
871 1454 999 1518 consilio
1012 1456 1140 1536 primum
1155 1451 1296 1533 inquirit,-
1307 1466 1388 1530 quaa

347 1562 410 1623 sint
434 1559 585 1622 bominum
605 1559 676 1640 jura
696 1560 776 1620 intra
795 1558 848 1621 nel
867 1567 957 1621 extra
976 1560 1107 1623 civitatis
1121 1551 1387 1620 communionem?

347 1665 367 1726 i.
384 1683 411 1726 e.
432 1665 463 1726 in
478 1679 516 1726 eo
532 1669 626 1739 statu,
651 1679 758 1742 quem,
783 1664 836 1742 qui
856 1662 948 1724 bodie
969 1669 1054 1739 sunt,
1077 1663 1246 1744 scriptores
1267 1664 1388 1720 atatam
1492 1660 1496 1669 ’

348 1769 528 1828 mennatem
552 1764 711 1847 appellare
736 1774 970 1828 consueverunt
1009 1764 1044 1828 ln
1068 1783 1129 1847 quo
1160 1765 1220 1827 etsi
1249 1764 1389 1826 homiues

348 1871 417 1954 pari
431 1869 605 1933 conditione
622 1877 760 1947 utantur,
782 1870 844 1932 ie.
866 1868 955 1931 liberi
978 1870 1057 1932 inter
1079 1887 1177 1951 acque
1191 1868 1315 1932 omnino
1330 1883 1390 1928 ae·

257 1973 259 1977 ’
348 1977 452 2058 quales
474 1992 544 2037 csse
560 1973 732 2052 videantur,
756 1981 856 2037 tamen
871 1975 999 2057 singulis
1018 1978 1070 2059 jos
1091 1978 1121 2039 iu
1144 1976 1243 2038 omnia
1266 1972 1390 2034 ndnime

348 2087 526 2162 competere
542 2077 705 2142 dicendum
720 2086 776 2140 est
814 2077 890 2142 Cum
906 2080 986 2141 enim
1001 2080 1067 2162 ipsa
1085 2087 1209 2158 natura,
1230 2080 1320 2160 cujus
1336 2077 1388 2137 le-

347 2185 438 2269 gibus
454 2182 628 2244 necessario
644 2181 772 2262 quodam
786 2181 875 2244 modo
890 2183 1021 2265 quisque
1036 2184 1238 2264 obtemperat,
1254 2179 1391 2244 libertati

349 2297 409 2352 tam
425 2289 487 2351 late
502 2287 626 2368 patenti,
651 2294 753 2349 certos
769 2287 847 2350 lines
860 2289 1069 2370 terminosque
1086 2288 1257 2365 constitnit,
1276 2295 1344 2349 tunt
1359 2291 1393 2345 et

348 2393 451 2468 ratio,
482 2392 569 2472 cujas
594 2391 758 2470 participes
779 2391 918 2455 borsines
937 2400 1025 2472 suat,
1057 2392 1199 2455 iacienda
1220 2392 1298 2468 alia,
1331 2389 1392 2452 alia

348 2494 513 2560 omittenda
533 2491 740 2575 praecipiti).
786 2494 842 2557 llla
869 2497 949 2557 enim
969 2496 1082 2558 bomini
1102 2497 1266 2578 ingenerat
1287 2494 1393 2576 inpri-

349 2601 406 2663 mis
422 2601 617 2682 praeoipnam
631 2597 783 2678 quandam
805 2599 1018 2681 cupiditatem,
1041 2610 1072 2664 et
1092 2616 1178 2664 suam
1201 2615 1394 2678 suorumque

264 2703 265 2708 ’
348 2705 440 2768 vitam
454 2703 594 2766 omnibus
608 2701 725 2766 viribus
740 2703 845 2766 tuendi
858 2711 949 2784 atque
964 2703 1179 2781 concamarata
1193 2705 1274 2768 ratio
1289 2711 1395 2767 antem

348 2807 487 2870 besaines
504 2805 601 2884 docet,
623 2805 734 2886 eidem,
758 2825 846 2888 quam
860 2808 920 2888 ipsi
933 2809 1117 2887 observent,
1139 2810 1203 2892 legi
1218 2809 1395 2872 obseruare

348 2929 455 2974 omnes
476 2919 615 2988 ceteros,
642 2918 673 2972 et
694 2911 828 2974 tuendae
843 2911 1058 2976 incolumitatis
1073 2931 1148 2976 suae
1164 2915 1266 2996 gratia
1280 2913 1345 2976 vim
1361 2912 1394 2975 ri

348 3015 511 3095 repulsare
543 3014 600 3076 sibi
624 3013 734 3076 licere:
762 3015 877 3078 deinde
900 3017 1007 3080 cadem
1030 3019 1109 3080 ratio
1141 3016 1248 3095 docet,
1279 3017 1394 3097 quibas

349 3120 537 3201 potissimum
562 3118 725 3198 praesidiis
747 3121 878 3182 monium
903 3121 979 3198 rita,
1005 3119 1145 3199 libertas,
1168 3121 1254 3184 sulus
1277 3122 1395 3202 optime

349 3222 458 3286 muniri
473 3222 598 3302 possint.
636 3221 691 3284 list
705 3222 799 3306 igitur
814 3242 850 3285 ea
869 3224 1021 3287 bominum
1040 3226 1072 3288 in
1094 3233 1174 3288 statu
1194 3225 1328 3288 naturali
1342 3225 1397 3287 ri·
1525 3259 1528 3263 ·

348 3326 483 3388 rentium
510 3325 686 3388 necessaria
715 3325 862 3406 quaedam
888 3327 1031 3406 conditio,
1056 3337 1092 3391 nt
1111 3329 1246 3410 aliquam
1271 3329 1397 3392 sibimet

349 3430 423 3511 ipsis
445 3435 625 3510 potestatem
649 3437 680 3492 et
698 3431 768 3512 jura
792 3429 850 3492 sibi
873 3431 1020 3509 tribuant,
1045 3439 1078 3495 et
1101 3450 1173 3511 eos,
1197 3433 1250 3514 qui
1265 3433 1397 3496 laedere

347 3531 400 3596 illa
423 3531 565 3611 audeant,
593 3533 645 3594 vel
671 3533 803 3597 adbibita
825 3535 857 3598 vi
878 3538 1044 3598 coemant
1065 3545 1118 3600 ant
1139 3539 1274 3620 purriant
1312 3537 1398 3600 later
1482 3548 1484 3551 ’

348 3637 425 3698 baec
436 3638 508 3719 jura
524 3638 673 3711 mator,
694 3652 747 3700 res
763 3638 801 3700 ad
822 3655 908 3702 suano
930 3655 1116 3720 suorumque
1137 3642 1395 3704 mstentationem

348 3741 541 3804 naemsarias
571 3745 748 3818 campane
777 3750 809 3806 et
829 3747 975 3817 fomites
996 3746 1177 3820 poam
1197 3760 1254 3805 aas
1278 3752 1313 3806 ut
1332 3744 1397 3806 sibi

406 3977 429 4043 1)
448 3980 489 4029 Dc
508 3981 574 4030 Oine
592 3982 637 4032 Vl.
657 3985 680 4045 ς.
700 3986 796 4034 4-16.

404 4064 430 4129 2)
449 4067 513 4116 Two
527 4069 648 4118 treatiaes
667 4086 701 4119 on
714 4072 901 4134 Germaniam,
922 4074 997 4135 tono,
1015 4073 1115 4138 gallice
1126 4090 1195 4126 vers.
1211 4078 1290 4127 iisd.

404 4149 431 4214 3)
449 4150 536 4202 Treat.
555 4153 585 4202 oi
602 4153 781 4206 Government
800 4157 842 4210 ch.
861 4159 882 4208 Ι.
958 4181 961 4184 ’
