3109 5292
822 600 887 668 1δῦ

336 779 368 844 ri
381 778 423 842 eit
440 777 631 860 repellentia.
668 777 786 851 Quaeri
799 779 893 860 igitur
909 785 940 840 et
955 776 1029 843 iilud
1045 784 1158 860 potent:
1179 795 1218 842 en
1232 777 1378 860 injustum

336 900 459 964 quoque
473 883 527 962 sit,
549 884 581 946 vi
595 882 635 946 ab
650 881 711 946 alio
727 882 811 965 exigi
826 881 873 960 iu,
896 883 986 964 cujm
1002 881 1176 963 praestandi
1191 882 1378 950 necessitate

336 985 388 1048 iiie
400 1003 471 1048 scae
483 985 659 1049 adstrictum
669 984 872 1067 putatiLicet
882 993 982 1050 autem
993 985 1064 1048 inde
1075 985 1163 1051 alteri
1174 985 1258 1053 nulia
1267 986 1377 1068 injuria

336 1087 443 1155 intent
458 1088 612 1167 videatur,
628 1107 698 1152 enm
712 1089 832 1153 nonnisi
848 1088 885 1152 ad
901 1087 932 1150 iu
948 1098 1091 1172 cogatur,
1112 1089 1194 1170 quod
1211 1089 1300 1152 alteri
1316 1089 1377 1150 ‹ie-

336 1193 403 1258 ieri
415 1192 483 1275 ipse
496 1210 677 1275 persuasum
687 1193 746 1256 sibi
759 1192 879 1269 habeut,
893 1199 992 1256 tamen
1002 1211 1061 1256 nec
1075 1193 1131 1256 hoe
1144 1193 1175 1256 in
1187 1210 1262 1260 casu
1278 1194 1378 1259 euir-

338 1299 408 1361 citio
424 1298 548 1379 prohmi
562 1305 677 1378 potest:
692 1315 760 1360 nam
774 1296 984 1376 unusquisque
999 1313 1040 1360 ex
1055 1297 1146 1363 animi
1158 1298 1207 1360 ¹sui
1223 1296 1378 1374 sententia

337 1402 458 1465 nonnin
469 1402 537 1482 ipse
549 1401 608 1465 eiiii
623 1401 777 1484 obligatur
789 1419 831 1466 ex
843 1401 940 1464 efficio
954 1401 1071 1465 ratione
1085 1401 1213 1482 sancito,
1224 1419 1288 1468 uec
1304 1401 1378 1467 inde

338 1507 482 1573 continuo
505 1507 661 1588 seqnitur,
688 1506 796 1583 atteri,
825 1506 874 1568 cui
901 1505 1067 1586 praestatio
1091 1505 1238 1586 quaedam
1268 1505 1378 1588 prosit.

339 1610 471 1692 eogendi
492 1618 674 1692 potestatem
693 1610 818 1690 acquiri.
857 1609 1004 1682 Quoniam
1020 1616 1119 1674 autem
1139 1608 1256 1674 volenti
1270 1609 1329 1672 hac
1346 1611 1379 1672 in

297 1769 299 1771 ,
338 1730 376 1776 re
397 1731 459 1777 non
479 1713 650 1779 obtruditur
673 1714 778 1796 opinio
801 1713 957 1790 extranei,
986 1713 1084 1778 minor
1108 1713 1197 1782 etiam
1219 1713 1325 1780 illotae
1348 1713 1379 1782 ci

339 1817 534 1881 counitionis
549 1817 679 1882 dicenda
693 1824 742 1880 est
756 1817 904 1898 iniquiter.
940 1883 941 1888 ,

299 1942 303 1957 *
408 1920 480 1983 129.
502 1919 617 2004 injusta
632 1928 719 1985 certe
738 1921 860 1984 rationo
880 1938 940 1984 non
955 1919 1078 1986 videtur
1097 1923 1200 2006 egisse
1216 1922 1257 1999 is,
1278 1920 1380 2002 quivi

339 2024 471 2088 adhibita
496 2026 549 2107 jus
576 2032 679 2088 mutuo
705 2043 857 2089 concensu
883 2027 1074 2090 constitutum
1094 2033 1286 2108 ,persecutus
1315 2033 1379 2100 eata

339 2131 481 2212 quoniam
493 2131 589 2211 ipsam
609 2137 806 2212 potestatem,
829 2129 954 2192 inuitum
976 2129 1124 2212 cogendi,
1148 2148 1217 2194 cum
1232 2131 1305 2213 jure
1320 2127 1381 2194 sibi

339 2250 488 2299 eoueesso
502 2232 625 2296 videtur
640 2250 711 2297 case
726 2241 844 2298 nactus.
859 2239 906 2308 (ς
923 2232 995 2316 65.)
1033 2233 1175 2322 Attamen
1190 2251 1248 2299 nee
1270 2232 1379 2306 ,inhoe

340 2353 416 2398 caen
430 2337 527 2399 omnir
541 2339 663 2403 omnino
677 2338 824 2402 coercitio
839 2337 960 2402 defendi
973 2347 1087 2421 potest:
1103 2339 1177 2402 licet
1192 2339 1274 2405 enim
1290 2356 1381 2400 com·
1464 2371 1477 2396 2

340 2441 439 2506 munit
454 2439 632 2522 approbatio
647 2441 726 2522 ejus,
740 2441 822 2520 ouon
838 2433 1014 2523 quibusdam
1026 2444 1141 2524 justum
1158 2442 1292 2521 videtur,
1303 2440 1380 2506 eui·

340 2541 445 2608 uuae
458 2543 599 2624 ejusdem
612 2544 718 2608 tuendi
737 2545 819 2610 ratio
838 2543 968 2610 dicenda
989 2547 1042 2609 sit:
1064 2554 1164 2610 umen
1184 2564 1223 2612 co
1243 2545 1381 2610 nontam

340 2645 494 2712 definitum
509 2656 567 2726 est,
582 2666 743 2732 cucumae
756 2657 859 2730 pateat
872 2649 1003 2732 cogendi
1020 2657 1166 2730 potestus,
1184 2657 1215 2712 et
1229 2665 1380 2730 quaenam

336 2752 417 2836 juris
429 2752 533 2817 tuendi
546 2753 681 2826 remedia
689 2756 771 2837 justa
783 2754 841 2820 sint
852 2751 1011 2819 habenda?
1021 2789 1064 2802 -
1074 2751 1151 2819 Cum
1164 2771 1204 2818 er
1220 2753 1381 2822 uoouinac

340 2865 465 2919 nostrae
481 2859 653 2939 praeceptis
668 2856 712 2935 id,
732 2857 816 2938 quod
837 2858 970 2942 plurium
990 2858 1133 2939 opinione
1149 2875 1207 2940 pro
1218 2859 1303 2941 jmto
1321 2855 1382 2920 ha·-

340 2959 446 3036 tetur,
457 2965 511 3042 jae
530 2958 631 3041 (quoti
645 2961 771 3040 proprie
788 2959 915 3034 uictum)
936 2963 1101 3027 interillos
1117 2963 1296 3040 constituat,
1312 2961 1382 3043 eiua

337 3059 419 3143 iuria
433 3061 477 3124 ati
494 3063 589 3127 instar
607 3061 690 3144 quod
713 3064 795 3144 apud
815 3065 957 3145 populum
979 3066 1110 3148 aliquem
1132 3075 1294 3148 receptum
1319 3072 1382 3141 esu

338 3165 419 3248 jurio
433 3166 590 3228 tuitionem
610 3184 667 3247 per
688 3169 907 3233 coercitionem
929 3185 1000 3232 esse
1021 3168 1207 3248 iaciendum,
1229 3176 1260 3230 et
1282 3169 1383 3250 tpsan

338 3269 413 3350 jure
426 3266 545 3331 definiri
557 3269 610 3332 vei
622 3271 757 3352 praecipi
766 3270 883 3334 debere
897 3271 1089 3342 manifestum
1105 3281 1161 3336 cst
1185 3271 1384 3339 statuendum

342 3371 436 3453 igitur
459 3371 578 3454 iegibus
600 3373 792 3438 moribusve:
816 3366 926 3454 quibus
949 3377 1106 3448 incensis
1130 3375 1280 3460 ejusmodi
1301 3375 1384 3458 juria

278 3506 292 3535 r
341 3477 517 3556 persecutio
532 3476 714 3543 admittenda
729 3480 783 3542 ait:
800 3479 909 3560 quibus
925 3479 1022 3542 modis
1039 3499 1076 3542 ee
1091 3480 1160 3546 fieri
1174 3481 1283 3563 possit,
1299 3497 1384 3560 quo·

341 3597 443 3660 aeque
456 3588 559 3660 pateat
574 3581 738 3673 coercendi
752 3591 898 3662 potestus,
919 3591 954 3646 et
967 3602 1047 3665 quae
1062 3593 1133 3650 sunt
1148 3584 1229 3652 aiae
1244 3583 1385 3666 ejusden

342 3685 468 3765 perieris
483 3685 687 3766 quaestiones.
710 3684 745 3749 in
760 3685 808 3748 his
824 3686 960 3753 omnibus
974 3696 1074 3752 autern
1091 3707 1151 3752 non
1165 3687 1267 3766 scium
1283 3705 1386 3768 puae

343 3786 434 3852 ritune
453 3789 637 3865 animatum,
652 3807 759 3854 verum
775 3791 874 3869 etiam,
896 3809 935 3854 an
952 3795 1028 3855 utiie
1043 3793 1097 3872 ait,
1120 3800 1237 3856 cartam
1251 3791 1385 3874 aliquam

340 3889 421 3971 iuris
434 3891 642 3972 persequendi
657 3893 805 3957 rationem
820 3895 942 3958 sanciri.
983 3952 984 3961 ,
1105 3923 1110 3932 ·

411 3991 521 4057 Nititur
534 3996 711 4076 quaestione
726 3995 776 4058 iric
792 3997 901 4080 agitata
917 4017 968 4077 eu,
989 4017 1067 4081 quae
1081 3999 1211 4066 debelii
1222 4001 1297 4084 jura
1313 4017 1384 4078 mor

344 4098 414 4158 veri
427 4098 509 4160 uolet
522 4106 555 4161 ct
570 4099 609 4163 de
624 4119 684 4180 qua
696 4101 759 4183 jam
774 4110 899 4166 ueteres
914 4103 1156 4188 disputaverunt,
1171 4112 1205 4168 ut
1214 4103 1329 4190 Cicero
1346 4104 1385 4166 de

339 4196 436 4263 οη
450 4199 548 4264 etii.
564 4199 614 4271 11.
631 4211 665 4265 et
678 4203 765 4286 aiibi,
785 4205 1017 4294 diligentissime
1032 4211 1329 4300 intermontium,
1350 4216 1386 4288 ut
