<?xml version="1.0" encoding="UTF-8"?>
<!DOCTYPE html PUBLIC "-//W3C//DTD XHTML 1.0 Transitional//EN"
    "http://www.w3.org/TR/xhtml1/DTD/xhtml1-transitional.dtd">
<html xmlns="http://www.w3.org/1999/xhtml" xml:lang="en" lang="en">
 <head>
  <title>
</title>
<meta http-equiv="Content-Type" content="text/html;charset=utf-8" />
  <meta name='ocr-system' content='tesseract 3.04.00' />
  <meta name='ocr-capabilities' content='ocr_page ocr_carea ocr_par ocr_line ocrx_word'/>
</head>
<body>
  <div class='ocr_page' id='page_1' title='image "./philosophiaejur00warngoog_0157.png"; bbox 0 0 3109 5292; ppageno 0'>
   <div class='ocr_carea' id='block_1_1' title="bbox 846 537 911 663">
    <p class='ocr_par' dir='ltr' id='par_1_1' title="bbox 846 537 911 663">
     <span class='ocr_line' id='line_1_1' title="bbox 846 537 911 663; baseline 0 0"><span class='ocrx_word' id='word_1_1' title='bbox 846 537 911 663; x_wconf 77' lang='lat' dir='ltr'><strong>uo</strong></span> 
     </span>
    </p>
   </div>
   <div class='ocr_carea' id='block_1_2' title="bbox 359 759 1400 964">
    <p class='ocr_par' dir='ltr' id='par_1_2' title="bbox 359 759 1400 964">
     <span class='ocr_line' id='line_1_2' title="bbox 360 759 1400 860; baseline -0.006 -20"><span class='ocrx_word' id='word_1_2' title='bbox 360 775 428 841; x_wconf 83' lang='lat' dir='ltr'><strong>aitis</strong></span> <span class='ocrx_word' id='word_1_3' title='bbox 443 761 543 858; x_wconf 70' lang='lat' dir='ltr'><strong>necue</strong></span> <span class='ocrx_word' id='word_1_4' title='bbox 557 776 685 860; x_wconf 87' lang='lat' dir='ltr'><strong>prodest</strong></span> <span class='ocrx_word' id='word_1_5' title='bbox 698 794 801 858; x_wconf 83' lang='lat' dir='ltr'><strong>neque</strong></span> <span class='ocrx_word' id='word_1_6' title='bbox 816 784 922 853; x_wconf 89' lang='lat' dir='ltr'><strong>nocet;</strong></span> <span class='ocrx_word' id='word_1_7' title='bbox 938 777 1010 839; x_wconf 91' lang='lat' dir='ltr'><strong>item</strong></span> <span class='ocrx_word' id='word_1_8' title='bbox 1026 773 1112 838; x_wconf 88' lang='lat' dir='ltr'><strong>illud:</strong></span> <span class='ocrx_word' id='word_1_9' title='bbox 1128 781 1286 856; x_wconf 86' lang='lat' dir='ltr'><strong>pactauon</strong></span> <span class='ocrx_word' id='word_1_10' title='bbox 1296 759 1400 836; x_wconf 72' lang='lat' dir='ltr'><strong>taient</strong></span> 
     </span>
     <span class='ocr_line' id='line_1_3' title="bbox 359 878 1400 964; baseline -0.007 -19"><span class='ocrx_word' id='word_1_11' title='bbox 359 883 419 946; x_wconf 91' lang='lat' dir='ltr'><strong>uisi</strong></span> <span class='ocrx_word' id='word_1_12' title='bbox 433 883 513 945; x_wconf 90' lang='lat' dir='ltr'><strong>inter</strong></span> <span class='ocrx_word' id='word_1_13' title='bbox 527 890 631 964; x_wconf 86' lang='lat' dir='ltr'><strong>partes</strong></span> <span class='ocrx_word' id='word_1_14' title='bbox 642 880 682 957; x_wconf 88' lang='lat'><strong>¹).</strong></span> <span class='ocrx_word' id='word_1_15' title='bbox 703 881 812 964; x_wconf 84' lang='lat' dir='ltr'><strong>Neque</strong></span> <span class='ocrx_word' id='word_1_16' title='bbox 820 890 918 946; x_wconf 87' lang='lat' dir='ltr'><strong>tamen</strong></span> <span class='ocrx_word' id='word_1_17' title='bbox 929 881 1007 946; x_wconf 84' lang='lat' dir='ltr'><strong>baec</strong></span> <span class='ocrx_word' id='word_1_18' title='bbox 1018 879 1232 963; x_wconf 78' lang='lat' dir='ltr'><strong>obligationum</strong></span> <span class='ocrx_word' id='word_1_19' title='bbox 1248 878 1295 939; x_wconf 89' lang='lat' dir='ltr'><strong>vis</strong></span> <span class='ocrx_word' id='word_1_20' title='bbox 1307 883 1400 957; x_wconf 82' lang='lat' dir='ltr'><strong>atque</strong></span> 
     </span>
    </p>
   </div>
   <div class='ocr_carea' id='block_1_3' title="bbox 247 980 1399 1069">
    <p class='ocr_par' dir='ltr' id='par_1_3' title="bbox 247 980 1399 1069">
     <span class='ocr_line' id='line_1_4' title="bbox 247 980 1399 1069; baseline -0.007 -19"><span class='ocrx_word' id='word_1_21' title='bbox 247 1050 256 1064; x_wconf 73' lang='grc'>,</span> <span class='ocrx_word' id='word_1_22' title='bbox 359 994 469 1050; x_wconf 83' lang='lat' dir='ltr'><strong>natura</strong></span> <span class='ocrx_word' id='word_1_23' title='bbox 483 985 615 1069; x_wconf 85' lang='lat' dir='ltr'><strong>impedit,</strong></span> <span class='ocrx_word' id='word_1_24' title='bbox 632 986 793 1067; x_wconf 84' lang='lat' dir='ltr'><strong>quominus</strong></span> <span class='ocrx_word' id='word_1_25' title='bbox 810 987 947 1049; x_wconf 75' lang='lat' dir='ltr'><strong>extranei</strong></span> <span class='ocrx_word' id='word_1_26' title='bbox 962 985 1002 1064; x_wconf 93' lang='lat' dir='ltr'><strong>id,</strong></span> <span class='ocrx_word' id='word_1_27' title='bbox 1019 983 1101 1066; x_wconf 91' lang='lat' dir='ltr'><strong>quod</strong></span> <span class='ocrx_word' id='word_1_28' title='bbox 1118 983 1194 1046; x_wconf 91' lang='lat' dir='ltr'><strong>aiius</strong></span> <span class='ocrx_word' id='word_1_29' title='bbox 1210 981 1314 1059; x_wconf 89' lang='lat' dir='ltr'><strong>debet,</strong></span> <span class='ocrx_word' id='word_1_30' title='bbox 1330 980 1399 1043; x_wconf 89' lang='lat' dir='ltr'><strong>sol-</strong></span> 
     </span>
    </p>
   </div>
   <div class='ocr_carea' id='block_1_4' title="bbox 358 1084 1401 2523">
    <p class='ocr_par' dir='ltr' id='par_1_4' title="bbox 358 1084 1401 1588">
     <span class='ocr_line' id='line_1_5' title="bbox 358 1084 1399 1171; baseline -0.008 -18"><span class='ocrx_word' id='word_1_31' title='bbox 358 1099 445 1169; x_wconf 82' lang='lat' dir='ltr'><strong>vant,</strong></span> <span class='ocrx_word' id='word_1_32' title='bbox 467 1090 604 1153; x_wconf 88' lang='lat' dir='ltr'><strong>simodo</strong></span> <span class='ocrx_word' id='word_1_33' title='bbox 624 1090 694 1153; x_wconf 85' lang='lat' dir='ltr'><strong>tatis</strong></span> <span class='ocrx_word' id='word_1_34' title='bbox 715 1090 754 1153; x_wconf 90' lang='lat' dir='ltr'><strong>sit</strong></span> <span class='ocrx_word' id='word_1_35' title='bbox 774 1091 954 1171; x_wconf 87' lang='lat' dir='ltr'><strong>praestatio,</strong></span> <span class='ocrx_word' id='word_1_36' title='bbox 980 1106 1058 1170; x_wconf 87' lang='lat' dir='ltr'><strong>quae</strong></span> <span class='ocrx_word' id='word_1_37' title='bbox 1079 1089 1116 1150; x_wconf 92' lang='lat' dir='ltr'><strong>ab</strong></span> <span class='ocrx_word' id='word_1_38' title='bbox 1136 1088 1173 1152; x_wconf 87' lang='lat' dir='ltr'><strong>iis</strong></span> <span class='ocrx_word' id='word_1_39' title='bbox 1195 1085 1271 1150; x_wconf 83' lang='lat' dir='ltr'><strong>efflei</strong></span> <span class='ocrx_word' id='word_1_40' title='bbox 1291 1084 1399 1167; x_wconf 87' lang='lat' dir='ltr'><strong>possit</strong></span> 
     </span>
     <span class='ocr_line' id='line_1_6' title="bbox 360 1187 1400 1278; baseline -0.007 -22"><span class='ocrx_word' id='word_1_41' title='bbox 360 1191 473 1257; x_wconf 82' lang='lat' dir='ltr'><strong>Contra</strong></span> <span class='ocrx_word' id='word_1_42' title='bbox 490 1194 660 1258; x_wconf 85' lang='lat' dir='ltr'><strong>creditores</strong></span> <span class='ocrx_word' id='word_1_43' title='bbox 673 1198 724 1278; x_wconf 88' lang='lat' dir='ltr'><strong>jus</strong></span> <span class='ocrx_word' id='word_1_44' title='bbox 741 1195 848 1258; x_wconf 91' lang='lat' dir='ltr'><strong>crediti</strong></span> <span class='ocrx_word' id='word_1_45' title='bbox 865 1195 916 1256; x_wconf 91' lang='lat' dir='ltr'><strong>aiii</strong></span> <span class='ocrx_word' id='word_1_46' title='bbox 933 1193 1046 1256; x_wconf 88' lang='lat' dir='ltr'><strong>cedere</strong></span> <span class='ocrx_word' id='word_1_47' title='bbox 1067 1199 1211 1272; x_wconf 78' lang='lat' dir='ltr'><strong>possunt,</strong></span> <span class='ocrx_word' id='word_1_48' title='bbox 1237 1206 1297 1270; x_wconf 89' lang='lat' dir='ltr'><strong>quo</strong></span> <span class='ocrx_word' id='word_1_49' title='bbox 1318 1187 1400 1250; x_wconf 86' lang='lat' dir='ltr'><strong>iacto</strong></span> 
     </span>
     <span class='ocr_line' id='line_1_7' title="bbox 359 1294 1401 1379; baseline -0.008 -18"><span class='ocrx_word' id='word_1_50' title='bbox 359 1297 419 1379; x_wconf 90' lang='lat' dir='ltr'><strong>ipsi</strong></span> <span class='ocrx_word' id='word_1_51' title='bbox 435 1299 557 1379; x_wconf 87' lang='lat' dir='ltr'><strong>quidem</strong></span> <span class='ocrx_word' id='word_1_52' title='bbox 573 1300 746 1364; x_wconf 78' lang='lat' dir='ltr'><strong>creditores</strong></span> <span class='ocrx_word' id='word_1_53' title='bbox 762 1316 910 1363; x_wconf 91' lang='lat' dir='ltr'><strong>essenon</strong></span> <span class='ocrx_word' id='word_1_54' title='bbox 927 1296 1073 1374; x_wconf 80' lang='lat' dir='ltr'><strong>desinunt,</strong></span> <span class='ocrx_word' id='word_1_55' title='bbox 1091 1294 1145 1357; x_wconf 90' lang='lat' dir='ltr'><strong>sed</strong></span> <span class='ocrx_word' id='word_1_56' title='bbox 1163 1296 1198 1373; x_wconf 91' lang='lat' dir='ltr'><strong>is,</strong></span> <span class='ocrx_word' id='word_1_57' title='bbox 1216 1295 1265 1357; x_wconf 89' lang='lat' dir='ltr'><strong>oui</strong></span> <span class='ocrx_word' id='word_1_58' title='bbox 1288 1307 1401 1355; x_wconf 88' lang='lat' dir='ltr'><strong>nomeu</strong></span> 
     </span>
     <span class='ocr_line' id='line_1_8' title="bbox 360 1397 1400 1485; baseline -0.005 -22"><span class='ocrx_word' id='word_1_59' title='bbox 360 1403 525 1481; x_wconf 86' lang='lat' dir='ltr'><strong>cesserint,</strong></span> <span class='ocrx_word' id='word_1_60' title='bbox 549 1405 636 1484; x_wconf 85' lang='lat' dir='ltr'><strong>quasi</strong></span> <span class='ocrx_word' id='word_1_61' title='bbox 657 1411 840 1485; x_wconf 86' lang='lat' dir='ltr'><strong>procurator</strong></span> <span class='ocrx_word' id='word_1_62' title='bbox 863 1405 892 1466; x_wconf 91' lang='lat' dir='ltr'><strong>in</strong></span> <span class='ocrx_word' id='word_1_63' title='bbox 912 1419 979 1464; x_wconf 89' lang='lat' dir='ltr'><strong>rem</strong></span> <span class='ocrx_word' id='word_1_64' title='bbox 1000 1419 1085 1464; x_wconf 88' lang='lat' dir='ltr'><strong>suam</strong></span> <span class='ocrx_word' id='word_1_65' title='bbox 1106 1401 1207 1462; x_wconf 83' lang='lat' dir='ltr'><strong>tactus</strong></span> <span class='ocrx_word' id='word_1_66' title='bbox 1228 1397 1400 1460; x_wconf 87' lang='lat' dir='ltr'><strong>debitorem</strong></span> 
     </span>
     <span class='ocr_line' id='line_1_9' title="bbox 359 1507 1128 1588; baseline -0.001 -20"><span class='ocrx_word' id='word_1_67' title='bbox 359 1508 525 1569; x_wconf 81' lang='lat' dir='ltr'><strong>convenire</strong></span> <span class='ocrx_word' id='word_1_68' title='bbox 541 1516 652 1588; x_wconf 90' lang='lat' dir='ltr'><strong>potest,</strong></span> <span class='ocrx_word' id='word_1_69' title='bbox 668 1515 702 1571; x_wconf 89' lang='lat' dir='ltr'><strong>ut</strong></span> <span class='ocrx_word' id='word_1_70' title='bbox 716 1510 774 1572; x_wconf 88' lang='lat' dir='ltr'><strong>sibi</strong></span> <span class='ocrx_word' id='word_1_71' title='bbox 790 1507 970 1571; x_wconf 88' lang='lat' dir='ltr'><strong>solutionem</strong></span> <span class='ocrx_word' id='word_1_72' title='bbox 984 1512 1128 1588; x_wconf 85' lang='lat' dir='ltr'><strong>praestet</strong></span> 
     </span>
    </p>

    <p class='ocr_par' dir='ltr' id='par_1_5' title="bbox 429 1606 1264 1692">
     <span class='ocr_line' id='line_1_10' title="bbox 429 1606 1264 1692; baseline -0.005 -20"><span class='ocrx_word' id='word_1_73' title='bbox 429 1610 500 1673; x_wconf 81' lang='lat'><strong>115.</strong></span> <span class='ocrx_word' id='word_1_74' title='bbox 524 1611 629 1674; x_wconf 87' lang='lat' dir='ltr'><strong>Solent</strong></span> <span class='ocrx_word' id='word_1_75' title='bbox 643 1613 730 1675; x_wconf 79' lang='lat' dir='ltr'><strong>veria</strong></span> <span class='ocrx_word' id='word_1_76' title='bbox 745 1619 955 1675; x_wconf 73' lang='lat' dir='ltr'><strong>contractuum</strong></span> <span class='ocrx_word' id='word_1_77' title='bbox 972 1613 1088 1692; x_wconf 83' lang='lat' dir='ltr'><strong>genera</strong></span> <span class='ocrx_word' id='word_1_78' title='bbox 1104 1606 1264 1690; x_wconf 78' lang='lat' dir='ltr'><strong>distingui:</strong></span> 
     </span>
    </p>

    <p class='ocr_par' dir='ltr' id='par_1_6' title="bbox 358 1711 1401 2523">
     <span class='ocr_line' id='line_1_11' title="bbox 426 1711 1400 1796; baseline -0.007 -20"><span class='ocrx_word' id='word_1_79' title='bbox 426 1713 463 1776; x_wconf 83' lang='grc' dir='ltr'><strong>Α.</strong></span> <span class='ocrx_word' id='word_1_80' title='bbox 486 1713 579 1796; x_wconf 79' lang='lat' dir='ltr'><strong>Apud</strong></span> <span class='ocrx_word' id='word_1_81' title='bbox 587 1714 739 1777; x_wconf 86' lang='lat' dir='ltr'><strong>Romanos</strong></span> <span class='ocrx_word' id='word_1_82' title='bbox 750 1731 808 1796; x_wconf 92' lang='lat' dir='ltr'><strong>pro</strong></span> <span class='ocrx_word' id='word_1_83' title='bbox 822 1717 907 1778; x_wconf 88' lang='lat' dir='ltr'><strong>varia</strong></span> <span class='ocrx_word' id='word_1_84' title='bbox 921 1711 1116 1777; x_wconf 88' lang='lat' dir='ltr'><strong>contrahendi</strong></span> <span class='ocrx_word' id='word_1_85' title='bbox 1132 1713 1251 1775; x_wconf 86' lang='lat' dir='ltr'><strong>ratione</strong></span> <span class='ocrx_word' id='word_1_86' title='bbox 1266 1714 1400 1790; x_wconf 87' lang='lat' dir='ltr'><strong>quatuor</strong></span> 
     </span>
     <span class='ocr_line' id='line_1_12' title="bbox 360 1811 1399 1902; baseline -0.008 -22"><span class='ocrx_word' id='word_1_87' title='bbox 360 1823 568 1880; x_wconf 85' lang='lat' dir='ltr'><strong>contractuum</strong></span> <span class='ocrx_word' id='word_1_88' title='bbox 578 1836 693 1900; x_wconf 80' lang='lat' dir='ltr'><strong>genera</strong></span> <span class='ocrx_word' id='word_1_89' title='bbox 702 1817 998 1902; x_wconf 82' lang='lat' dir='ltr'><strong>distinguebantur,i.</strong></span> <span class='ocrx_word' id='word_1_90' title='bbox 1007 1822 1272 1892; x_wconf 78' lang='lat' dir='ltr'><strong>econtractusre,</strong></span> <span class='ocrx_word' id='word_1_91' title='bbox 1282 1811 1399 1888; x_wconf 85' lang='lat' dir='ltr'><strong>verbis,</strong></span> 
     </span>
     <span class='ocr_line' id='line_1_13' title="bbox 359 1911 1400 2004; baseline -0.005 -22"><span class='ocrx_word' id='word_1_92' title='bbox 359 1919 478 1999; x_wconf 90' lang='lat' dir='ltr'><strong>litteris,</strong></span> <span class='ocrx_word' id='word_1_93' title='bbox 492 1921 610 1997; x_wconf 84' lang='lat' dir='ltr'><strong>(nudo)</strong></span> <span class='ocrx_word' id='word_1_94' title='bbox 627 1940 777 1986; x_wconf 89' lang='lat' dir='ltr'><strong>consensu</strong></span> <span class='ocrx_word' id='word_1_95' title='bbox 793 1921 899 2004; x_wconf 87' lang='lat' dir='ltr'><strong>perfici</strong></span> <span class='ocrx_word' id='word_1_96' title='bbox 915 1921 1005 1984; x_wconf 88' lang='lat' dir='ltr'><strong>soliti.</strong></span> <span class='ocrx_word' id='word_1_97' title='bbox 1026 1920 1093 1982; x_wconf 80' lang='lat' dir='ltr'><strong>Atio</strong></span> <span class='ocrx_word' id='word_1_98' title='bbox 1109 1925 1175 1980; x_wconf 89' lang='lat' dir='ltr'><strong>erat</strong></span> <span class='ocrx_word' id='word_1_99' title='bbox 1190 1911 1400 1980; x_wconf 84' lang='lat' dir='ltr'><strong>contractuum</strong></span> 
     </span>
     <span class='ocr_line' id='line_1_14' title="bbox 359 2007 1401 2108; baseline -0.007 -19"><span class='ocrx_word' id='word_1_100' title='bbox 359 2025 407 2089; x_wconf 83' lang='lat' dir='ltr'><strong>vis</strong></span> <span class='ocrx_word' id='word_1_101' title='bbox 423 2032 454 2087; x_wconf 89' lang='lat' dir='ltr'><strong>et</strong></span> <span class='ocrx_word' id='word_1_102' title='bbox 469 2007 588 2104; x_wconf 78' lang='lat' dir='ltr'><strong>natura,</strong></span> <span class='ocrx_word' id='word_1_103' title='bbox 609 2027 718 2108; x_wconf 91' lang='lat' dir='ltr'><strong>quibus</strong></span> <span class='ocrx_word' id='word_1_104' title='bbox 735 2026 833 2105; x_wconf 89' lang='lat' dir='ltr'><strong>dandi,</strong></span> <span class='ocrx_word' id='word_1_105' title='bbox 858 2026 915 2089; x_wconf 86' lang='lat' dir='ltr'><strong>otia</strong></span> <span class='ocrx_word' id='word_1_106' title='bbox 932 2043 1051 2102; x_wconf 90' lang='lat' dir='ltr'><strong>eorum,</strong></span> <span class='ocrx_word' id='word_1_107' title='bbox 1068 2023 1177 2105; x_wconf 89' lang='lat' dir='ltr'><strong>quibus</strong></span> <span class='ocrx_word' id='word_1_108' title='bbox 1194 2021 1325 2085; x_wconf 77' lang='lat' dir='ltr'><strong>faciendi</strong></span> <span class='ocrx_word' id='word_1_109' title='bbox 1341 2019 1401 2083; x_wconf 91' lang='lat' dir='ltr'><strong>ob-</strong></span> 
     </span>
     <span class='ocr_line' id='line_1_15' title="bbox 358 2123 1401 2211; baseline -0.003 -22"><span class='ocrx_word' id='word_1_110' title='bbox 358 2128 463 2211; x_wconf 79' lang='lat' dir='ltr'><strong>ligatio</strong></span> <span class='ocrx_word' id='word_1_111' title='bbox 488 2131 714 2210; x_wconf 87' lang='lat' dir='ltr'><strong>continebatur,</strong></span> <span class='ocrx_word' id='word_1_112' title='bbox 737 2133 809 2193; x_wconf 90' lang='lat' dir='ltr'><strong>item</strong></span> <span class='ocrx_word' id='word_1_113' title='bbox 833 2147 953 2208; x_wconf 87' lang='lat' dir='ltr'><strong>eorum,</strong></span> <span class='ocrx_word' id='word_1_114' title='bbox 979 2130 1031 2210; x_wconf 86' lang='lat' dir='ltr'><strong>qui</strong></span> <span class='ocrx_word' id='word_1_115' title='bbox 1061 2130 1164 2189; x_wconf 86' lang='lat' dir='ltr'><strong>rtricti</strong></span> <span class='ocrx_word' id='word_1_116' title='bbox 1183 2129 1270 2195; x_wconf 74' lang='lat' dir='ltr'><strong>iterio</strong></span> <span class='ocrx_word' id='word_1_117' title='bbox 1294 2123 1401 2205; x_wconf 88' lang='lat' dir='ltr'><strong>etqui</strong></span> 
     </span>
     <span class='ocr_line' id='line_1_16' title="bbox 359 2229 1401 2310; baseline -0.003 -18"><span class='ocrx_word' id='word_1_118' title='bbox 359 2235 460 2292; x_wconf 82' lang='lat' dir='ltr'><strong>bonae</strong></span> <span class='ocrx_word' id='word_1_119' title='bbox 473 2233 546 2306; x_wconf 77' lang='lat' dir='ltr'><strong>fidet</strong></span> <span class='ocrx_word' id='word_1_120' title='bbox 562 2234 950 2310; x_wconf 81' lang='lat' dir='ltr'><strong>contracturdicebantur3</strong></span> <span class='ocrx_word' id='word_1_121' title='bbox 967 2234 1087 2296; x_wconf 84' lang='lat' dir='ltr'><strong>illorum</strong></span> <span class='ocrx_word' id='word_1_122' title='bbox 1098 2239 1166 2293; x_wconf 89' lang='lat' dir='ltr'><strong>erat</strong></span> <span class='ocrx_word' id='word_1_123' title='bbox 1179 2230 1284 2293; x_wconf 90' lang='lat' dir='ltr'><strong>stricta</strong></span> <span class='ocrx_word' id='word_1_124' title='bbox 1300 2229 1401 2290; x_wconf 89' lang='lat' dir='ltr'><strong>inter-</strong></span> 
     </span>
     <span class='ocr_line' id='line_1_17' title="bbox 359 2331 1401 2421; baseline -0.006 -24"><span class='ocrx_word' id='word_1_125' title='bbox 359 2338 506 2418; x_wconf 88' lang='lat' dir='ltr'><strong>pretatio,</strong></span> <span class='ocrx_word' id='word_1_126' title='bbox 530 2355 573 2398; x_wconf 85' lang='lat' dir='ltr'><strong>ex</strong></span> <span class='ocrx_word' id='word_1_127' title='bbox 591 2338 640 2400; x_wconf 90' lang='lat' dir='ltr'><strong>bis</strong></span> <span class='ocrx_word' id='word_1_128' title='bbox 659 2338 702 2400; x_wconf 91' lang='lat' dir='ltr'><strong>nii</strong></span> <span class='ocrx_word' id='word_1_129' title='bbox 721 2337 802 2400; x_wconf 86' lang='lat' dir='ltr'><strong>atiud</strong></span> <span class='ocrx_word' id='word_1_130' title='bbox 818 2341 881 2421; x_wconf 90' lang='lat' dir='ltr'><strong>peti</strong></span> <span class='ocrx_word' id='word_1_131' title='bbox 896 2338 1004 2421; x_wconf 91' lang='lat' dir='ltr'><strong>potuit,</strong></span> <span class='ocrx_word' id='word_1_132' title='bbox 1027 2353 1116 2418; x_wconf 80' lang='lat' dir='ltr'><strong>quum</strong></span> <span class='ocrx_word' id='word_1_133' title='bbox 1133 2331 1213 2416; x_wconf 85' lang='lat' dir='ltr'><strong>quod</strong></span> <span class='ocrx_word' id='word_1_134' title='bbox 1227 2331 1401 2395; x_wconf 84' lang='lat' dir='ltr'><strong>debitorem</strong></span> 
     </span>
     <span class='ocr_line' id='line_1_18' title="bbox 360 2438 929 2523; baseline 0.009 -22"><span class='ocrx_word' id='word_1_135' title='bbox 360 2455 402 2502; x_wconf 80' lang='lat' dir='ltr'><strong>ex</strong></span> <span class='ocrx_word' id='word_1_136' title='bbox 416 2438 477 2502; x_wconf 87' lang='lat' dir='ltr'><strong>fide</strong></span> <span class='ocrx_word' id='word_1_137' title='bbox 492 2441 570 2502; x_wconf 90' lang='lat' dir='ltr'><strong>bona</strong></span> <span class='ocrx_word' id='word_1_138' title='bbox 585 2450 743 2523; x_wconf 87' lang='lat' dir='ltr'><strong>praestare</strong></span> <span class='ocrx_word' id='word_1_139' title='bbox 758 2443 929 2523; x_wconf 87' lang='lat' dir='ltr'><strong>oportebat</strong></span> 
     </span>
    </p>
   </div>
   <div class='ocr_carea' id='block_1_5' title="bbox 426 2539 1499 2614">
    <p class='ocr_par' dir='ltr' id='par_1_7' title="bbox 426 2539 1499 2614">
     <span class='ocr_line' id='line_1_19' title="bbox 426 2539 1499 2614; baseline -0.004 -9"><span class='ocrx_word' id='word_1_140' title='bbox 426 2543 459 2606; x_wconf 89' lang='lat' dir='ltr'><strong>B.</strong></span> <span class='ocrx_word' id='word_1_141' title='bbox 482 2542 596 2608; x_wconf 87' lang='lat' dir='ltr'><strong>Omnes</strong></span> <span class='ocrx_word' id='word_1_142' title='bbox 612 2545 671 2608; x_wconf 90' lang='lat' dir='ltr'><strong>bae</strong></span> <span class='ocrx_word' id='word_1_143' title='bbox 682 2545 890 2608; x_wconf 88' lang='lat' dir='ltr'><strong>distinctiones</strong></span> <span class='ocrx_word' id='word_1_144' title='bbox 903 2545 993 2608; x_wconf 90' lang='lat' dir='ltr'><strong>bodie</strong></span> <span class='ocrx_word' id='word_1_145' title='bbox 1005 2544 1117 2606; x_wconf 90' lang='lat' dir='ltr'><strong>minimi</strong></span> <span class='ocrx_word' id='word_1_146' title='bbox 1129 2551 1241 2606; x_wconf 90' lang='lat' dir='ltr'><strong>tautum</strong></span> <span class='ocrx_word' id='word_1_147' title='bbox 1257 2539 1402 2602; x_wconf 90' lang='lat' dir='ltr'><strong>momenti</strong></span> <span class='ocrx_word' id='word_1_148' title='bbox 1497 2609 1499 2614; x_wconf 52' lang='grc'>,</span> 
     </span>
    </p>
   </div>
   <div class='ocr_carea' id='block_1_6' title="bbox 350 2646 1403 3144">
    <p class='ocr_par' dir='ltr' id='par_1_8' title="bbox 350 2646 1403 2922">
     <span class='ocr_line' id='line_1_20' title="bbox 350 2646 1401 2720; baseline -0.002 -13"><span class='ocrx_word' id='word_1_149' title='bbox 350 2655 442 2711; x_wconf 83' lang='lat' dir='ltr'><strong>sunt.</strong></span> <span class='ocrx_word' id='word_1_150' title='bbox 480 2647 600 2712; x_wconf 88' lang='lat' dir='ltr'><strong>Summa</strong></span> <span class='ocrx_word' id='word_1_151' title='bbox 623 2656 724 2712; x_wconf 87' lang='lat' dir='ltr'><strong>autem</strong></span> <span class='ocrx_word' id='word_1_152' title='bbox 751 2651 985 2712; x_wconf 86' lang='lat' dir='ltr'><strong>conventionum</strong></span> <span class='ocrx_word' id='word_1_153' title='bbox 1008 2649 1117 2711; x_wconf 83' lang='lat' dir='ltr'><strong>divisio</strong></span> <span class='ocrx_word' id='word_1_154' title='bbox 1139 2663 1220 2710; x_wconf 90' lang='lat' dir='ltr'><strong>nuuc</strong></span> <span class='ocrx_word' id='word_1_155' title='bbox 1241 2646 1320 2708; x_wconf 90' lang='lat' dir='ltr'><strong>baec</strong></span> <span class='ocrx_word' id='word_1_156' title='bbox 1346 2649 1401 2720; x_wconf 77' lang='lat' dir='ltr'><strong>est,</strong></span> 
     </span>
     <span class='ocr_line' id='line_1_21' title="bbox 361 2748 1403 2834; baseline -0.007 -19"><span class='ocrx_word' id='word_1_157' title='bbox 361 2751 443 2834; x_wconf 85' lang='lat' dir='ltr'><strong>quod</strong></span> <span class='ocrx_word' id='word_1_158' title='bbox 462 2753 609 2834; x_wconf 86' lang='lat' dir='ltr'><strong>quaedam</strong></span> <span class='ocrx_word' id='word_1_159' title='bbox 633 2756 762 2829; x_wconf 67' lang='lat' dir='ltr'><strong>benefici</strong></span> <span class='ocrx_word' id='word_1_160' title='bbox 782 2756 832 2818; x_wconf 87' lang='lat' dir='ltr'><strong>vei</strong></span> <span class='ocrx_word' id='word_1_161' title='bbox 848 2753 1076 2831; x_wconf 87' lang='lat' dir='ltr'><strong>beneficentiae,</strong></span> <span class='ocrx_word' id='word_1_162' title='bbox 1093 2751 1171 2814; x_wconf 86' lang='lat' dir='ltr'><strong>etiae</strong></span> <span class='ocrx_word' id='word_1_163' title='bbox 1187 2748 1403 2813; x_wconf 79' lang='lat' dir='ltr'><strong>commutatioi</strong></span> 
     </span>
     <span class='ocr_line' id='line_1_22' title="bbox 362 2855 964 2922; baseline 0.003 -4"><span class='ocrx_word' id='word_1_164' title='bbox 362 2855 441 2920; x_wconf 78' lang='lat' dir='ltr'><strong>aliae</strong></span> <span class='ocrx_word' id='word_1_165' title='bbox 456 2860 605 2919; x_wconf 81' lang='lat' dir='ltr'><strong>ctecton‘i</strong></span> <span class='ocrx_word' id='word_1_166' title='bbox 621 2865 798 2922; x_wconf 85' lang='lat' dir='ltr'><strong>contractus</strong></span> <span class='ocrx_word' id='word_1_167' title='bbox 814 2859 964 2922; x_wconf 88' lang='lat' dir='ltr'><strong>dicuntur.</strong></span> 
     </span>
    </p>

    <p class='ocr_par' dir='ltr' id='par_1_9' title="bbox 362 2955 1402 3144">
     <span class='ocr_line' id='line_1_23' title="bbox 429 2955 1401 3042; baseline -0.004 -20"><span class='ocrx_word' id='word_1_168' title='bbox 429 2965 466 3036; x_wconf 84' lang='lat' dir='ltr'><strong>a)</strong></span> <span class='ocrx_word' id='word_1_169' title='bbox 488 2960 658 3042; x_wconf 80' lang='lat' dir='ltr'><strong>Aliquando</strong></span> <span class='ocrx_word' id='word_1_170' title='bbox 668 2964 748 3024; x_wconf 91' lang='lat' dir='ltr'><strong>euim</strong></span> <span class='ocrx_word' id='word_1_171' title='bbox 758 2965 800 3026; x_wconf 89' lang='lat' dir='ltr'><strong>ita</strong></span> <span class='ocrx_word' id='word_1_172' title='bbox 812 2962 998 3024; x_wconf 88' lang='lat' dir='ltr'><strong>contrabitur</strong></span> <span class='ocrx_word' id='word_1_173' title='bbox 1012 2968 1046 3022; x_wconf 93' lang='lat' dir='ltr'><strong>ut</strong></span> <span class='ocrx_word' id='word_1_174' title='bbox 1060 2958 1183 3022; x_wconf 90' lang='lat' dir='ltr'><strong>nonnisi</strong></span> <span class='ocrx_word' id='word_1_175' title='bbox 1198 2958 1289 3020; x_wconf 89' lang='lat' dir='ltr'><strong>unius</strong></span> <span class='ocrx_word' id='word_1_176' title='bbox 1307 2955 1401 3038; x_wconf 86' lang='lat' dir='ltr'><strong>partis</strong></span> 
     </span>
     <span class='ocr_line' id='line_1_24' title="bbox 362 3061 1402 3144; baseline -0.002 -20"><span class='ocrx_word' id='word_1_177' title='bbox 362 3064 550 3126; x_wconf 90' lang='lat' dir='ltr'><strong>commodum</strong></span> <span class='ocrx_word' id='word_1_178' title='bbox 564 3072 734 3144; x_wconf 89' lang='lat' dir='ltr'><strong>spectetur,</strong></span> <span class='ocrx_word' id='word_1_179' title='bbox 742 3075 773 3128; x_wconf 91' lang='lat' dir='ltr'><strong>et</strong></span> <span class='ocrx_word' id='word_1_180' title='bbox 783 3085 800 3128; x_wconf 91' lang='lat' dir='ltr'><strong>a</strong></span> <span class='ocrx_word' id='word_1_181' title='bbox 811 3067 876 3129; x_wconf 90' lang='lat' dir='ltr'><strong>solo</strong></span> <span class='ocrx_word' id='word_1_182' title='bbox 888 3066 985 3129; x_wconf 88' lang='lat' dir='ltr'><strong>attero</strong></span> <span class='ocrx_word' id='word_1_183' title='bbox 1002 3081 1079 3127; x_wconf 86' lang='lat' dir='ltr'><strong>onus</strong></span> <span class='ocrx_word' id='word_1_184' title='bbox 1095 3064 1297 3144; x_wconf 77' lang='lat' dir='ltr'><strong>suscipiatur5</strong></span> <span class='ocrx_word' id='word_1_185' title='bbox 1314 3061 1402 3143; x_wconf 84' lang='lat' dir='ltr'><strong>bujus</strong></span> 
     </span>
    </p>
   </div>
   <div class='ocr_carea' id='block_1_7' title="bbox 364 3167 1517 3257">
    <p class='ocr_par' dir='ltr' id='par_1_10' title="bbox 364 3167 1517 3257">
     <span class='ocr_line' id='line_1_25' title="bbox 364 3167 1517 3257; baseline 0.003 -32"><span class='ocrx_word' id='word_1_186' title='bbox 364 3167 489 3248; x_wconf 76' lang='lat' dir='ltr'><strong>generis</strong></span> <span class='ocrx_word' id='word_1_187' title='bbox 511 3174 582 3230; x_wconf 83' lang='lat' dir='ltr'><strong>sunt</strong></span> <span class='ocrx_word' id='word_1_188' title='bbox 600 3170 696 3232; x_wconf 87' lang='lat' dir='ltr'><strong>mutui</strong></span> <span class='ocrx_word' id='word_1_189' title='bbox 711 3169 791 3234; x_wconf 87' lang='lat' dir='ltr'><strong>datio</strong></span> <span class='ocrx_word' id='word_1_190' title='bbox 807 3170 874 3232; x_wconf 91' lang='lat' dir='ltr'><strong>sine</strong></span> <span class='ocrx_word' id='word_1_191' title='bbox 889 3186 1051 3233; x_wconf 87' lang='lat' dir='ltr'><strong>usurarum</strong></span> <span class='ocrx_word' id='word_1_192' title='bbox 1071 3167 1293 3248; x_wconf 86' lang='lat' dir='ltr'><strong>praestatione,</strong></span> <span class='ocrx_word' id='word_1_193' title='bbox 1315 3179 1403 3227; x_wconf 87' lang='lat' dir='ltr'><strong>corn·</strong></span> <span class='ocrx_word' id='word_1_194' title='bbox 1508 3235 1517 3257; x_wconf 67' lang='lat'><strong>,</strong></span> 
     </span>
    </p>
   </div>
   <div class='ocr_carea' id='block_1_8' title="bbox 362 3266 1406 4077">
    <p class='ocr_par' dir='ltr' id='par_1_11' title="bbox 362 3266 1406 3355">
     <span class='ocr_line' id='line_1_26' title="bbox 362 3266 1406 3355; baseline 0 -25"><span class='ocrx_word' id='word_1_195' title='bbox 362 3266 530 3347; x_wconf 77' lang='lat' dir='ltr'><strong>nodatum,</strong></span> <span class='ocrx_word' id='word_1_196' title='bbox 551 3269 736 3352; x_wconf 89' lang='lat' dir='ltr'><strong>depositum,</strong></span> <span class='ocrx_word' id='word_1_197' title='bbox 758 3275 886 3355; x_wconf 86' lang='lat' dir='ltr'><strong>pignus,</strong></span> <span class='ocrx_word' id='word_1_198' title='bbox 909 3273 1080 3336; x_wconf 88' lang='lat' dir='ltr'><strong>mandatum</strong></span> <span class='ocrx_word' id='word_1_199' title='bbox 1096 3271 1255 3350; x_wconf 85' lang='lat' dir='ltr'><strong>omnisque</strong></span> <span class='ocrx_word' id='word_1_200' title='bbox 1272 3269 1406 3332; x_wconf 83' lang='lat' dir='ltr'><strong>donatio.</strong></span> 
     </span>
    </p>

    <p class='ocr_par' dir='ltr' id='par_1_12' title="bbox 363 3371 1405 3970">
     <span class='ocr_line' id='line_1_27' title="bbox 430 3371 1405 3453; baseline 0.001 -21"><span class='ocrx_word' id='word_1_201' title='bbox 430 3371 469 3447; x_wconf 85' lang='lat' dir='ltr'><strong>b)</strong></span> <span class='ocrx_word' id='word_1_202' title='bbox 491 3371 628 3437; x_wconf 80' lang='lat' dir='ltr'><strong>Aliorum</strong></span> <span class='ocrx_word' id='word_1_203' title='bbox 644 3383 850 3440; x_wconf 89' lang='lat' dir='ltr'><strong>contractuum</strong></span> <span class='ocrx_word' id='word_1_204' title='bbox 861 3395 897 3439; x_wconf 89' lang='lat' dir='ltr'><strong>ea</strong></span> <span class='ocrx_word' id='word_1_205' title='bbox 912 3383 961 3439; x_wconf 88' lang='lat' dir='ltr'><strong>est</strong></span> <span class='ocrx_word' id='word_1_206' title='bbox 975 3375 1153 3453; x_wconf 82' lang='lat' dir='ltr'><strong>substantia,</strong></span> <span class='ocrx_word' id='word_1_207' title='bbox 1170 3381 1204 3436; x_wconf 89' lang='lat' dir='ltr'><strong>ut</strong></span> <span class='ocrx_word' id='word_1_208' title='bbox 1220 3374 1258 3437; x_wconf 87' lang='lat' dir='ltr'><strong>ab</strong></span> <span class='ocrx_word' id='word_1_209' title='bbox 1273 3381 1405 3452; x_wconf 84' lang='lat' dir='ltr'><strong>utraque</strong></span> 
     </span>
     <span class='ocr_line' id='line_1_28' title="bbox 363 3476 1405 3561; baseline 0 -25"><span class='ocrx_word' id='word_1_210' title='bbox 363 3482 450 3558; x_wconf 90' lang='lat' dir='ltr'><strong>parte</strong></span> <span class='ocrx_word' id='word_1_211' title='bbox 466 3476 576 3557; x_wconf 87' lang='lat' dir='ltr'><strong>aliquid</strong></span> <span class='ocrx_word' id='word_1_212' title='bbox 597 3482 809 3561; x_wconf 86' lang='lat' dir='ltr'><strong>praestandum</strong></span> <span class='ocrx_word' id='word_1_213' title='bbox 830 3481 881 3556; x_wconf 91' lang='lat' dir='ltr'><strong>sit;</strong></span> <span class='ocrx_word' id='word_1_214' title='bbox 902 3479 961 3541; x_wconf 91' lang='lat' dir='ltr'><strong>boc</strong></span> <span class='ocrx_word' id='word_1_215' title='bbox 982 3479 1014 3540; x_wconf 88' lang='lat' dir='ltr'><strong>tit</strong></span> <span class='ocrx_word' id='word_1_216' title='bbox 1033 3479 1064 3540; x_wconf 89' lang='lat' dir='ltr'><strong>in</strong></span> <span class='ocrx_word' id='word_1_217' title='bbox 1079 3476 1259 3540; x_wconf 88' lang='lat' dir='ltr'><strong>emtionibus</strong></span> <span class='ocrx_word' id='word_1_218' title='bbox 1276 3482 1308 3538; x_wconf 89' lang='lat' dir='ltr'><strong>et</strong></span> <span class='ocrx_word' id='word_1_219' title='bbox 1322 3491 1405 3536; x_wconf 87' lang='lat' dir='ltr'><strong>ven-</strong></span> 
     </span>
     <span class='ocr_line' id='line_1_29' title="bbox 365 3579 1405 3660; baseline 0 -19"><span class='ocrx_word' id='word_1_220' title='bbox 365 3579 543 3660; x_wconf 90' lang='lat' dir='ltr'><strong>ditionibus,</strong></span> <span class='ocrx_word' id='word_1_221' title='bbox 574 3582 771 3648; x_wconf 87' lang='lat' dir='ltr'><strong>iocationibus</strong></span> <span class='ocrx_word' id='word_1_222' title='bbox 797 3593 827 3648; x_wconf 89' lang='lat' dir='ltr'><strong>et</strong></span> <span class='ocrx_word' id='word_1_223' title='bbox 849 3581 1111 3658; x_wconf 89' lang='lat' dir='ltr'><strong>conductionibus,</strong></span> <span class='ocrx_word' id='word_1_224' title='bbox 1134 3580 1164 3642; x_wconf 92' lang='lat' dir='ltr'><strong>in</strong></span> <span class='ocrx_word' id='word_1_225' title='bbox 1186 3581 1351 3657; x_wconf 86' lang='lat' dir='ltr'><strong>societate,</strong></span> <span class='ocrx_word' id='word_1_226' title='bbox 1374 3579 1405 3640; x_wconf 90' lang='lat' dir='ltr'><strong>iu</strong></span> 
     </span>
     <span class='ocr_line' id='line_1_30' title="bbox 364 3683 1405 3768; baseline -0.003 -22"><span class='ocrx_word' id='word_1_227' title='bbox 364 3692 469 3747; x_wconf 90' lang='lat' dir='ltr'><strong>mutuo</strong></span> <span class='ocrx_word' id='word_1_228' title='bbox 494 3685 551 3747; x_wconf 92' lang='lat' dir='ltr'><strong>sub</strong></span> <span class='ocrx_word' id='word_1_229' title='bbox 573 3688 675 3750; x_wconf 88' lang='lat' dir='ltr'><strong>usuris</strong></span> <span class='ocrx_word' id='word_1_230' title='bbox 702 3695 871 3765; x_wconf 88' lang='lat' dir='ltr'><strong>contracto,</strong></span> <span class='ocrx_word' id='word_1_231' title='bbox 900 3689 930 3750; x_wconf 88' lang='lat' dir='ltr'><strong>in</strong></span> <span class='ocrx_word' id='word_1_232' title='bbox 954 3685 1176 3768; x_wconf 86' lang='lat' dir='ltr'><strong>permutatione</strong></span> <span class='ocrx_word' id='word_1_233' title='bbox 1203 3683 1405 3762; x_wconf 84' lang='lat' dir='ltr'><strong>omnibusque</strong></span> 
     </span>
     <span class='ocr_line' id='line_1_31' title="bbox 365 3785 1405 3870; baseline -0.003 -20"><span class='ocrx_word' id='word_1_234' title='bbox 365 3789 586 3867; x_wconf 85' lang='lat' dir='ltr'><strong>contractibus,</strong></span> <span class='ocrx_word' id='word_1_235' title='bbox 606 3790 658 3853; x_wconf 91' lang='lat' dir='ltr'><strong>ubi</strong></span> <span class='ocrx_word' id='word_1_236' title='bbox 677 3807 730 3854; x_wconf 85' lang='lat' dir='ltr'><strong>res</strong></span> <span class='ocrx_word' id='word_1_237' title='bbox 745 3790 868 3869; x_wconf 89' lang='lat' dir='ltr'><strong>dantur,</strong></span> <span class='ocrx_word' id='word_1_238' title='bbox 890 3797 924 3853; x_wconf 89' lang='lat' dir='ltr'><strong>ut</strong></span> <span class='ocrx_word' id='word_1_239' title='bbox 943 3788 1056 3870; x_wconf 88' lang='lat' dir='ltr'><strong>aliquid</strong></span> <span class='ocrx_word' id='word_1_240' title='bbox 1077 3788 1144 3864; x_wconf 85' lang='lat' dir='ltr'><strong>fiet,</strong></span> <span class='ocrx_word' id='word_1_241' title='bbox 1165 3794 1219 3850; x_wconf 86' lang='lat' dir='ltr'><strong>out</strong></span> <span class='ocrx_word' id='word_1_242' title='bbox 1235 3785 1348 3867; x_wconf 83' lang='lat' dir='ltr'><strong>aliquid</strong></span> <span class='ocrx_word' id='word_1_243' title='bbox 1362 3785 1405 3864; x_wconf 86' lang='lat' dir='ltr'><strong>iit,</strong></span> 
     </span>
     <span class='ocr_line' id='line_1_32' title="bbox 365 3889 1140 3970; baseline 0.001 -18"><span class='ocrx_word' id='word_1_244' title='bbox 365 3897 401 3953; x_wconf 83' lang='lat' dir='ltr'><strong>nt</strong></span> <span class='ocrx_word' id='word_1_245' title='bbox 414 3889 486 3970; x_wconf 87' lang='lat' dir='ltr'><strong>quid</strong></span> <span class='ocrx_word' id='word_1_246' title='bbox 502 3889 602 3953; x_wconf 88' lang='lat' dir='ltr'><strong>detur.</strong></span> <span class='ocrx_word' id='word_1_247' title='bbox 1131 3933 1140 3945; x_wconf 69' lang='lat'>„</span> 
     </span>
    </p>

    <p class='ocr_par' dir='ltr' id='par_1_13' title="bbox 434 3992 1406 4077">
     <span class='ocr_line' id='line_1_33' title="bbox 434 3992 1406 4077; baseline 0.002 -22"><span class='ocrx_word' id='word_1_248' title='bbox 434 3997 470 4068; x_wconf 88' lang='lat' dir='ltr'><strong>c)</strong></span> <span class='ocrx_word' id='word_1_249' title='bbox 491 3993 641 4058; x_wconf 77' lang='lat' dir='ltr'><strong>Aieatorii</strong></span> <span class='ocrx_word' id='word_1_250' title='bbox 657 4002 831 4059; x_wconf 81' lang='lat' dir='ltr'><strong>contractus</strong></span> <span class='ocrx_word' id='word_1_251' title='bbox 846 3995 999 4072; x_wconf 88' lang='lat' dir='ltr'><strong>dicuntur,</strong></span> <span class='ocrx_word' id='word_1_252' title='bbox 1020 4011 1090 4058; x_wconf 85' lang='lat' dir='ltr'><strong>cnm</strong></span> <span class='ocrx_word' id='word_1_253' title='bbox 1104 4009 1162 4077; x_wconf 91' lang='lat' dir='ltr'><strong>pro</strong></span> <span class='ocrx_word' id='word_1_254' title='bbox 1178 4009 1235 4077; x_wconf 88' lang='lat' dir='ltr'><strong>spe</strong></span> <span class='ocrx_word' id='word_1_255' title='bbox 1251 3992 1330 4057; x_wconf 90' lang='lat' dir='ltr'><strong>lueri</strong></span> <span class='ocrx_word' id='word_1_256' title='bbox 1345 3993 1406 4057; x_wconf 88' lang='lat' dir='ltr'><strong>ali·</strong></span> 
     </span>
    </p>
   </div>
   <div class='ocr_carea' id='block_1_9' title="bbox 369 4139 595 4153">
    <p class='ocr_par' dir='ltr' id='par_1_14' title="bbox 369 4139 595 4153">
     <span class='ocr_line' id='line_1_34' title="bbox 369 4139 595 4153; baseline 0.009 -2"><span class='ocrx_word' id='word_1_257' title='bbox 369 4139 595 4153; x_wconf 53' lang='lat'><strong>*-</strong></span> 
     </span>
    </p>
   </div>
   <div class='ocr_carea' id='block_1_10' title="bbox 423 4212 1335 4288">
    <p class='ocr_par' dir='ltr' id='par_1_15' title="bbox 423 4212 1335 4288">
     <span class='ocr_line' id='line_1_35' title="bbox 423 4212 1335 4288; baseline 0.008 -27"><span class='ocrx_word' id='word_1_258' title='bbox 423 4212 448 4276; x_wconf 88' lang='lat'><strong>1)</strong></span> <span class='ocrx_word' id='word_1_259' title='bbox 468 4212 532 4265; x_wconf 83' lang='lat' dir='ltr'><strong>Cod.</strong></span> <span class='ocrx_word' id='word_1_260' title='bbox 546 4218 569 4276; x_wconf 82' lang='lat' dir='ltr'><strong>t,</strong></span> <span class='ocrx_word' id='word_1_261' title='bbox 582 4215 628 4266; x_wconf 83' lang='lat'><strong>60:</strong></span> <span class='ocrx_word' id='word_1_262' title='bbox 648 4213 727 4279; x_wconf 86' lang='lat' dir='ltr'><strong>(inter</strong></span> <span class='ocrx_word' id='word_1_263' title='bbox 738 4215 806 4267; x_wconf 81' lang='lat' dir='ltr'><strong>alios</strong></span> <span class='ocrx_word' id='word_1_264' title='bbox 819 4213 890 4284; x_wconf 76' lang='lat' dir='ltr'><strong>acta)</strong></span> <span class='ocrx_word' id='word_1_265' title='bbox 902 4215 945 4268; x_wconf 83' lang='lat' dir='ltr'><strong>vei</strong></span> <span class='ocrx_word' id='word_1_266' title='bbox 954 4215 1076 4284; x_wconf 76' lang='lat' dir='ltr'><strong>judicata</strong></span> <span class='ocrx_word' id='word_1_267' title='bbox 1088 4216 1148 4268; x_wconf 79' lang='lat' dir='ltr'><strong>eliis</strong></span> <span class='ocrx_word' id='word_1_268' title='bbox 1161 4231 1217 4270; x_wconf 83' lang='lat' dir='ltr'><strong>non</strong></span> <span class='ocrx_word' id='word_1_269' title='bbox 1228 4231 1335 4288; x_wconf 83' lang='lat' dir='ltr'><strong>paeere.</strong></span> 
     </span>
    </p>
   </div>
   <div class='ocr_carea' id='block_1_11' title="bbox 0 0 1568 5292">
    <p class='ocr_par' dir='ltr' id='par_1_16' title="bbox 0 0 1568 5292">
     <span class='ocr_line' id='line_1_36' title="bbox 0 0 1568 5292; baseline 0 0"><span class='ocrx_word' id='word_1_270' title='bbox 0 0 1568 5292; x_wconf 95' lang='lat' dir='ltr'><strong> </strong></span> 
     </span>
    </p>
   </div>
  </div>
 </body>
</html>
