3109 5292
671 509 716 576 39

176 687 337 769 proprias,
366 687 495 771 primum
518 687 618 758 loeuru
640 689 776 754 obtinent
792 689 832 766 ι).
867 688 945 755 Cum
968 698 1070 754 eutem
1091 691 1212 754 tatone

174 790 287 872 optim
303 789 379 854 duce
399 792 584 874 intelligant,
608 793 684 856 haec
698 797 780 877 jura,
794 814 883 876 quae
898 805 930 858 et
944 797 976 858 ia
989 804 1068 859 stetu
1084 797 1211 860 neutrali

176 894 293 959 violare
315 894 403 958 uelas
425 904 490 972 est,
520 898 660 959 nonnisi
684 899 740 961 sub
763 900 859 961 tutela
883 901 1012 983 alicujus
1032 901 1211 981 imperantis

174 1007 281 1064 mota
296 1017 368 1062 esse
384 1017 421 1063 oo
438 1006 518 1076 luta,
535 1000 632 1062 civilis
652 1002 810 1064 societatis
830 1003 953 1066 viuculo
973 1004 1116 1086 conjungi
1131 1005 1213 1066 inter

173 1119 210 1166 se
226 1102 318 1166 facile
333 1103 487 1183 poliuntur
496 1100 539 1179 ²),
555 1101 684 1185 ideoque
699 1113 768 1166 aute
785 1107 886 1168 omnio
896 1107 976 1187 juris
989 1107 1070 1170 illius
1085 1115 1212 1169 natura-

175 1206 213 1270 lis
229 1224 316 1286 quam
331 1206 533 1270 firmissimum
553 1206 736 1287 praesidium
758 1211 907 1290 consequi
925 1208 1058 1272 studeat
1099 1208 1212 1291 Sequi·

175 1319 225 1374 tur
245 1310 330 1388 iuda,
355 1318 389 1376 ot
408 1311 503 1392 prima
523 1311 575 1374 illu
594 1313 723 1374 civitatis
739 1314 811 1394 jura
827 1333 845 1376 a
860 1313 982 1396 legibus
997 1313 1136 1376 civilibus
1151 1331 1213 1376 nou

175 1423 355 1494 nascantur,
378 1415 433 1478 sed
457 1423 570 1478 lantum
595 1416 776 1480 definiamus
799 1416 837 1478 ab
861 1418 898 1480 iis
921 1425 1013 1498 alqw
1033 1419 1213 1496 muniantur,

175 1520 266 1600 iique,
281 1520 335 1600 qui
350 1519 496 1603 abrogari
512 1522 578 1584 illas
589 1522 787 1604 jubeant‚vel
802 1521 841 1584 od
857 1539 943 1585 suunt
960 1524 1118 1585 arbitrium
1134 1541 1214 1599 ooo·-

175 1631 305 1701 vertanl‚
328 1632 480 1705 potestate
497 1626 617 1690 miaiule
633 1625 793 1708 gaudeant
830 1626 965 1690 Efficilor
979 1628 1090 1708 igitur,
1112 1644 1214 1706 noque

176 1726 385 1807 illam‚-qualu
409 1727 580 1792 llobbesius
597 1729 788 1810 evindicet,
812 1730 902 1794 nullis
926 1732 1062 1794 ononis
1077 1733 1213 1794 circum-

175 1834 319 1913 scriptam
341 1834 521 1914 potentium,
542 1853 640 1914 neque
661 1836 748 1899 aliam
765 1836 796 1896 in
816 1836 936 1898 civitate
955 1835 1119 1918 legitimam
1141 1851 1214 1897 esse

175 1945 372 2020 potestatem,
391 1938 450 2001 uisi
469 1957 548 2018 quae
563 1939 670 2020 populi
686 1957 839 2002 consensu
854 1956 894 2000 eo
911 1939 1037 2003 consilio
1052 1940 1215 2002 constituta

176 2044 224 2121 sit,
240 2051 274 2106 ut
283 2045 354 2126 jura
371 2044 504 2107 omnium
519 2045 695 2122 eommunia,
711 2060 791 2125 quae
806 2045 837 2106 iu
853 2051 933 2106 statu
947 2044 1076 2107 neutrali
1090 2043 1216 2125 quilibet

176 2149 244 2229 ipse
260 2146 429 2210 delenlere
446 2167 482 2210 ao
498 2149 578 2212 lueri
593 2149 681 2226 solet,
698 2149 784 2212 salvo
799 2156 940 2211 maneant
955 2147 996 2224 ⁸).

243 2252 294 2315 22.
317 2252 448 2316 ALokii
464 2253 502 2316 de
519 2262 596 2316 statu
612 2262 642 2316 el
653 2257 723 2336 jure
740 2254 870 2316 naturali
886 2252 1023 2316 doctrina
1038 2249 1070 2326 ⁴)
1087 2266 1215 2333 prorsus

175 2357 330 2439 discrepat
351 2357 512 2420 Roussovii
535 2361 694 2434 sententia,
718 2375 798 2439 quae
820 2357 857 2419 ad
879 2356 1024 2420 llollllesii
1043 2363 1215 2419 eoelum

176 2460 303 2543 propios
319 2461 445 2524 uooedil.
481 2461 616 2542 Namque
631 2479 737 2524 omnes
753 2462 905 2538 homines,
928 2463 1040 2541 quippe
1059 2479 1151 2541 quum
1171 2460 1212 2520 li-

177 2567 252 2630 bera
275 2569 333 2630 siut
355 2567 512 2630 voluntate
534 2565 570 2628 ab
594 2566 660 2646 ipsa
681 2572 789 2628 nutura
810 2564 956 2647 praediti,
980 2563 1019 2625 ud
1041 2563 1214 2626 libertatem

178 2689 248 2736 esse
273 2680 374 2749 aulos,
396 2672 542 2753 princeps
567 2672 633 2754 ejus
657 2669 814 2734 doolrioae
834 2668 944 2751 dogma
965 2676 1012 2731 est
1031 2664 1072 2742 ⁵).
1118 2669 1214 2741 Quam

176 2778 308 2840 saulam
328 2776 499 2838 libellatem
523 2774 658 2837 alienare
673 2793 690 2836 a
706 2791 741 2836 so
762 2773 899 2836 homiues
921 2771 1004 2835 nullo
1026 2771 1115 2834 modo
1136 2790 1212 2852 pos·

176 2889 261 2958 sunt,
290 2899 358 2942 oum
385 2878 554 2944 naturalem
578 2880 668 2944 animi
692 2877 827 2942 indolem
850 2885 968 2941 mutare
996 2893 1064 2944 noo,
1079 2877 1213 2957 possuit3

176 3003 265 3066 quam
287 2983 326 3045 ob
346 3001 412 3046 rem
431 2983 483 3046 illa
501 3001 650 3046 summum
672 2985 805 3048 omnium
817 2986 868 3067 jus
882 2981 1021 3046 habenda
1036 2987 1083 3044 est
1098 2980 1139 3057 ⁶).
1177 2981 1215 3044 Et

176 3107 267 3169 quum
283 3088 429 3169 aequales
444 3087 523 3150 iuter
539 3105 573 3150 se
587 3087 726 3150 homines
741 3089 811 3165 siut,
820 3087 998 3150 necessario
1014 3105 1056 3149 ex
1069 3086 1119 3149 illa
1135 3104 1213 3168 pro-

177 3193 323 3256 licisoilur
333 3194 386 3274 jus
402 3193 534 3255 omnium
549 3193 580 3254 io
595 3193 711 3271 omniu,
733 3210 795 3273 quo
808 3199 924 3269 tameo,
946 3191 1086 3272 quoniam
1102 3191 1212 3252 bellum

179 3285 404 3310 ...h—...-

234 3349 258 3416 1)
276 3349 316 3401 lb.
336 3349 377 3400 ch.
396 3349 476 3417 1-v,

232 3439 258 3504 2)
277 3439 359 3505 Chap.
378 3438 423 3488 vl.
442 3438 501 3488 VII.

231 3527 258 3592 Β)
277 3525 359 3590 Ghop.
378 3525 515 3576 vlu-x:

231 3614 257 3679 t)
276 3614 407 3680 Exposita
425 3620 466 3665 est
481 3613 548 3666 haee
567 3613 688 3664 doctrina
704 3613 732 3662 in
744 3612 814 3662 libro
830 3613 895 3662 1⁷61
916 3610 998 3662 edito:
1017 3608 1054 3659 clo
1066 3616 1166 3659 senous
1177 3624 1215 3658 so·

177 3700 236 3752 eiol.
261 3701 488 3768 Impugneverunl
501 3699 575 3750 illam
586 3700 701 3766 plurimi,
714 3707 743 3748 ul
758 3696 931 3760 moolers,
950 3697 1083 3762 prinsipes
1095 3695 1132 3744 (lu
1143 3693 1215 3744 dsoit

177 3787 308 3854 polilique
322 3786 420 3852 (1825),
440 3785 487 3836 Oh.
506 3785 604 3848 Oomle,
629 3782 707 3834 truite
726 3783 757 3834 de
776 3782 943 3848 legislation‚
963 3781 1003 3832 ed.
1017 3785 1041 3831 2.
1061 3781 1103 3831 oh.
1116 3780 1152 3843 ΙΙ,
1173 3784 1213 3830 12.

178 3873 276 3935 steht,
293 3873 311 3923 l.
326 3885 349 3923 o.
362 3889 387 3940 p.
403 3875 454 3922 294
467 3887 522 3937 seq.

232 3961 260 4027 b)
279 3961 324 4010 Du
348 3964 452 4009 contrat
470 3960 554 4010 sooial
572 3959 640 4009 livre
658 3960 679 4009 1.
699 3958 781 4009 oh.1.
806 3957 956 4021 „L'homme
980 3960 1022 4007 est
1045 3953 1079 4005 ue
1102 3954 1170 4006 libro
1188 3963 1215 4007 et

177 4050 285 4114 pertout
303 4045 324 4095 il
343 4051 383 4096 est
401 4045 466 4096 dans
484 4045 524 4096 les
542 4046 635 4116 lorsll“

233 4132 260 4198 6)
279 4133 359 4184 Livre
377 4133 398 4183 I.
418 4131 459 4182 oh.
477 4133 515 4184 IV
532 4133 560 4183 iu
579 4131 672 4182 medio.
