3109 5292
817 535 881 614 idi

330 723 443 788 minum
461 719 592 788 societas
613 719 728 786 duam
750 719 863 802 possit,
888 718 966 782 adeo
988 723 1104 784 certum
1127 726 1192 797 est,
1214 725 1249 780 at
1267 715 1307 779 de
1331 731 1371 778 eo

329 828 545 892 dubitationem
560 843 686 889 movere
701 824 866 889 absurdum
882 825 929 886 sit
982 851 984 857 ·

396 931 457 997 Sed
472 931 532 995 boc
546 929 718 1012 quaeritur:
734 947 772 992 an
789 947 851 992 non
865 930 1007 1012 injustum
1020 930 1067 1007 sit,
1084 929 1213 1011 aliquem
1230 947 1271 992 ex
1287 927 1370 992 iacto

329 1056 386 1101 sno
401 1036 544 1120 obligari,
560 1033 695 1116 quando,
711 1033 832 1096 nonnisi
847 1034 971 1097 volente
987 1041 1019 1096 et
1035 1035 1243 1097 consentiente
1259 1033 1369 1110 altero,

324 1142 404 1225 juris
419 1142 467 1203 sui
481 1139 556 1202 lines
572 1155 720 1221 egressus
735 1139 788 1216 sit,
809 1139 860 1202 vel
876 1137 916 1202 de
931 1139 1057 1202 alterius
1069 1141 1142 1221 jure
1157 1135 1369 1220 disposuerit?

330 1253 414 1308 etan
429 1243 624 1326 obligationis
643 1243 766 1306 vinculo
789 1249 927 1306 tenemur
946 1243 988 1321 is,
1010 1243 1062 1324 qui
1085 1243 1176 1308 alium
1199 1245 1228 1306 in
1250 1243 1369 1325 proprii

325 1351 405 1433 juris
423 1347 610 1430 provinciam
625 1346 744 1430 ingredi
759 1347 947 1428 permiserit,
969 1355 1022 1410 aut
1033 1348 1085 1430 jus
1104 1348 1226 1428 aliquod
1243 1349 1272 1414 ei
1289 1363 1370 1410 con-

329 1451 482 1516 cesserit?
521 1450 596 1515 Cum
611 1450 671 1514 boc
686 1457 789 1514 mutua
804 1451 962 1514 voluntate
982 1453 1034 1514 liat
1049 1460 1081 1515 et
1094 1453 1225 1534 plurium
1241 1453 1271 1514 in
1288 1451 1370 1514 idem

327 1557 470 1641 placitum
491 1571 662 1618 consensus
684 1557 849 1616 conventio
872 1555 1006 1635 dicatur,
1027 1557 1166 1637 quaestio
1181 1557 1260 1620 haec
1277 1539 1370 1619 etiam

327 1663 369 1724 ita
388 1660 519 1743 proponi
538 1660 630 1720 solet:
653 1677 691 1720 au
706 1660 780 1742 jure
799 1660 927 1722 naturali
950 1661 1204 1725 conventionibus
1228 1661 1382 1726 standum
1505 1699 1507 1702 -

269 1776 271 1779 ’
328 1767 387 1830 sit?
402 1783 460 1828 seu
472 1783 511 1828 an
523 1764 685 1846 promissio
698 1782 739 1826 ex
752 1765 878 1828 arbitrio
894 1765 1096 1846 promittentis
1111 1767 1254 1830 revocari
1270 1767 1370 1852 possit

326 1889 386 1934 uec
399 1871 461 1932 net
477 1869 561 1930 llaec
574 1869 713 1948 quaestio
725 1869 805 1930 inter
818 1867 1008 1932 difficillimas
1016 1870 1095 1954 juris
1110 1871 1255 1935 naturalis
1268 1887 1370 1952 quae-

327 1977 444 2039 stiones
464 1981 707 2036 connumeratur.
748 1970 781 2033 ln
803 1991 840 2035 ea
861 1973 1008 2036 solvenda
1029 1975 1134 2056 plures
1155 1974 1194 2036 de
1213 1975 1271 2037 bac
1288 1974 1370 2038 doe-

327 2080 406 2144 triaa
421 2080 591 2160 scriptores
606 2077 720 2140 trustra
735 2077 963 2140 laboraverunt
1066 2073 1067 2076 ’
1353 2089 1355 2091 ·

395 2184 548 2247 Grotius
563 2183 659 2263 pactis
675 2191 707 2244 et
721 2183 974 2264 promissionibus
990 2183 1130 2247 standum
1147 2201 1233 2264 esse,
1250 2185 1371 2248 etiamsi

326 2288 429 2352 nudus
447 2288 546 2351 subsit
567 2292 769 2361 contractae,
790 2293 896 2349 contra
915 2288 1096 2358 &unaarum
1114 2290 1369 2370 jurisconsultum

327 2394 524 2476 praeclarum
537 2392 651 2454 saeculi
667 2391 735 2454 XVl
748 2391 780 2467 ¹)
795 2389 926 2474 disputat
942 2393 1022 2468 (Lib.
1039 2392 1072 2456 ll.
1089 2413 1114 2456 c.
1131 2395 1180 2458 lll.
1197 2399 1226 2467 §-
1244 2393 1369 2470 t-·-s).

327 2500 478 2562 Provocat
492 2497 529 2560 ad
545 2515 665 2560 sacram
685 2500 866 2579 scripturam
882 2505 914 2560 et
928 2505 1068 2562 veterum
1084 2477 1256 2566 testimonia
1272 2499 1369 2562 veluti

327 2604 365 2670 ad
387 2600 595 2678 cicerootst)
617 2602 714 2664 verba
729 2601 873 2681 dicentis,
895 2601 1271 2688 fundamentumjustitiae
1297 2621 1370 2666 esse
1472 2643 1475 2652 ,

324 2702 433 2785 naeu,
454 2709 516 2770 ie.
537 2707 686 2770 dictorum
702 2713 983 2789 conventorumque
1004 2709 1202 2773 consantiam
1223 2715 1255 2770 et
1279 2710 1369 2770 reri-

328 2821 419 2876 tatem
442 2812 500 2886 (de
522 2813 596 2876 odio.
612 2812 634 2874 l.
659 2830 726 2893 cap.
742 2809 799 2887 7.).
837 2811 955 2876 Deinde
977 2813 1165 2876 econtrario
1186 2820 1368 2896 argumento

326 2918 538 2980 ratiocinatur:
558 2917 585 2978 si
600 2916 759 2997 promissis
775 2935 837 2979 non
853 2918 1074 3003 obligaremur,
1096 2935 1197 2999 neque
1214 2918 1368 2996 civitates,

325 3038 384 3082 uec
398 3019 534 3098 foedera,
551 3037 609 3081 nce
623 3019 716 3081 ullam
727 3021 806 3102 iuris
823 3009 1050 3085 translationem
1066 3039 1141 3085 esse.
1153 3041 1259 3105 posse,
1276 3022 1368 3085 ideo-

325 3140 386 3204 que
403 3129 507 3184 contra
523 3123 672 3186 rationem
691 3138 763 3186 esse
779 3125 896 3204 statuit,
918 3125 1048 3206 aliquem
1069 3143 1110 3188 ex
1129 3127 1288 3209 promissis
1304 3144 1368 3190 non

325 3226 434 3288 teucri.
464 3225 744 3291 Pulfendoriius
759 3246 821 3290 non
838 3245 928 3311 posse
947 3247 1008 3292 non
1024 3232 1054 3292 iu
1071 3231 1219 3294 societate
1235 3231 1367 3295 bumana

325 3338 415 3414 pacta
434 3330 570 3394 existere
590 3348 631 3393 ex
645 3335 824 3397 necessario
844 3335 923 3396 inter
943 3329 1080 3397 homines
1103 3337 1288 3400 commercio
1302 3337 1366 3400 de·

325 3443 478 3499 monstrat
516 3435 552 3498 st
563 3455 641 3516 quae
656 3438 736 3501 inter
750 3439 889 3502 homines
908 3439 1051 3502 ineantur
1065 3449 1170 3521 pacta,
1190 3441 1242 3504 illa
1258 3449 1376 3504 sancte

326 3539 515 3605 observanda
542 3558 630 3620 csse,
668 3543 842 3606 sociabilem
875 3544 1004 3606 bominis
1034 3553 1171 3608 naturam
1202 3549 1368 3628 requirere

325 3644 425 3708 docet.
462 3642 501 3706 lis
517 3644 644 3708 sublatis
658 3645 740 3708 inter
755 3665 791 3708 se
807 3659 896 3710 usum
911 3647 1064 3710 hominum
1080 3651 1145 3713 tolli
1162 3659 1194 3712 et
1209 3651 1367 3734 plurimam

324 3756 442 3832 partem
456 3747 591 3811 utilitatis
611 3749 731 3830 perire,
753 3769 832 3832 quae
853 3751 983 3814 humano
999 3755 1109 3836 generi
1130 3773 1171 3816 ex
1192 3757 1367 3819 communi-

324 3853 393 3916 tatis
407 3853 538 3915 invicem
551 3851 659 3914 ciliciis
678 3864 855 3932 enascatur,
879 3855 961 3918 addit
965 3873 975 3932 ;
998 3857 1050 3920 ubi
1066 3875 1128 3942 ego
1144 3875 1185 3920 ex
1201 3867 1291 3940 pacto
1305 3859 1367 3922 ali·

380 4091 405 4158 t)
424 4091 610 4143 Commentarii
619 4096 687 4160 juria
701 4095 790 4146 civilis
809 4095 855 4146 lib.
870 4097 901 4148 V.
912 4065 943 4148 c.
960 4103 971 4148 1
986 4114 1040 4164 seq.

316 4196 320 4201 ·
378 4176 406 4242 2)
423 4176 480 4227 Nec
492 4193 595 4243 semper
605 4181 735 4245 promissa
747 4197 806 4234 esse
818 4183 948 4235 servanda
959 4183 1031 4236 idem·
1042 4185 1116 4250 dicit,
1135 4185 1201 4238 ibid.
1215 4185 1235 4236 1.
1251 4190 1293 4238 to.
