3109 5292
867 559 914 626 20

375 747 502 819 uocant,
525 757 586 802 non
601 739 755 804 societatis
770 740 919 820 appetitu,
943 737 999 802 sad
1015 745 1118 803 mutim
1133 745 1215 802 metu
1229 744 1262 801 et
1275 736 1407 802 invicem

377 845 434 908 sibi
450 845 579 910 nocendi
594 845 745 912 voluntate
761 845 860 908 teneri
874 841 1044 920 docuissem
1059 843 1191 925 ideoque
1205 845 1255 906 aui
1268 860 1405 906 amorem

376 969 520 1016 summam
536 950 637 1034 legam
653 958 779 1015 naturae
795 967 865 1012 esse
880 947 1006 1028 diceret,
1017 946 1320 1014 Pudeudorliusbacc
1334 966 1405 1011 om·

375 1059 447 1121 nino
462 1075 578 1140 negare
593 1075 653 1120 non
669 1073 772 1136 ausus,
789 1054 868 1118 trabi
886 1053 1007 1136 quidem
1021 1055 1159 1118 homiues
1174 1055 1211 1118 ad
1227 1055 1405 1118 societatem

376 1161 525 1241 adlirmat,
549 1181 653 1225 verum
674 1179 733 1224 von
756 1169 858 1225 mutua
881 1161 1108 1242 benevolentia,
1132 1161 1189 1226 sed
1204 1159 1405 1226 tantummodo
1498 1197 1501 1205 ·

374 1270 421 1333 sui
439 1269 640 1333 conservandi
656 1267 767 1346 studio,
792 1269 937 1332 humanae
957 1275 1083 1332 naturae
1098 1287 1116 1330 a
1130 1267 1196 1332 Deo
1216 1267 1320 1346 insito,
1341 1267 1361 1329 i.
1377 1283 1404 1329 e

375 1373 469 1438 solius
484 1374 620 1438 utilitatis
636 1375 733 1458 gratia
752 1372 797 1450 ¹):
819 1393 880 1456 quo
899 1374 949 1454 lit,
971 1383 1004 1438 ut
1026 1374 1106 1456 apud
1127 1393 1197 1438 cum
1215 1374 1352 1457 iustitiae
1372 1378 1405 1436 et

372 1480 507 1545 utilitatis
523 1481 662 1544 notiones
679 1489 830 1563 perpetuo
844 1483 1027 1545 misceantur
1043 1500 1079 1545 ac
1090 1479 1321 1560 confundantur,
1336 1479 1404 1542 aic-

372 1587 414 1649 uti
437 1585 515 1668 apud
538 1584 671 1648 Grotium
691 1588 771 1670 juris
793 1595 825 1650 et
844 1589 964 1650 virtutis
985 1587 1088 1650 oldaia.
1125 1586 1159 1649 ln
1181 1605 1221 1650 eo
1243 1594 1345 1650 autern
1362 1584 1403 1649 de

368 1692 447 1776 juris
463 1691 619 1774 disciplina
639 1693 750 1775 optime
771 1693 897 1757 meritus
917 1701 964 1756 ost
979 1690 1210 1771 Pudendorlius,
1233 1691 1314 1775 quod
1334 1691 1402 1754 sin-

372 1798 443 1882 gula
459 1799 526 1882 ejus
542 1799 640 1881 capita
656 1799 743 1864 valde
760 1798 891 1864 dilucide
906 1806 995 1882 atque
1014 1799 1169 1864 uberrime
1188 1797 1342 1876 tractavit,
1358 1803 1402 1876 cl,

372 1912 405 1970 ut
420 1904 524 1970 dicere
539 1905 647 1988 solent,
671 1907 700 1969 in
716 1915 849 1989 systema
864 1905 1003 1970 omnibus
1017 1906 1150 1970 numeris
1165 1904 1336 1969 absolutum
1350 1903 1402 1966 di-

371 2013 476 2094 gessit,
484 2012 560 2077 adeo
568 2021 601 2076 ut
610 2015 639 2076 in
648 2012 850 2076 ratiocinando
863 2015 952 2077 etiam
961 2012 1097 2077 Gratiam
1111 2029 1260 2094 superare
1275 2011 1403 2076 videre·

371 2126 429 2183 tur.
460 2119 608 2193 Quamdiu
629 2119 768 2184 Grotiana
785 2121 864 2202 juris
881 2119 1025 2184 naturalis
1040 2116 1190 2182 tractandi
1204 2117 1283 2180 ratio
1298 2117 1329 2179 iu
1343 2133 1403 2179 usu

372 2231 453 2303 erat,
481 2225 636 2306 utriusque
657 2226 815 2307 scriptoris
834 2244 891 2309 par
911 2225 968 2288 luit
987 2227 1161 2290 auctoritas.
1195 2221 1404 2287 Tradebantur

320 2389 323 2393 .
372 2348 479 2394 eorum
495 2331 634 2414 dogmata
650 2332 680 2394 in
695 2333 825 2415 publicis
841 2331 1019 2396 Germaniae
1040 2329 1152 2393 sobolis
1166 2347 1265 2411 usque
1280 2327 1319 2390 ad
1332 2345 1404 2390 me*

372 2434 453 2500 dium
469 2435 537 2500 lere
553 2437 708 2502 saeculum
724 2437 832 2515 XVlll;
849 2446 938 2520 atquc
954 2436 1042 2500 etiam
1057 2442 1216 2517 postquam
1225 2434 1405 2498 lbomasius

372 2543 402 2606 in
422 2542 479 2606 hac
500 2541 658 2624 disciplina
679 2543 805 2624 plurima
827 2544 999 2622 innovavit,
1022 2539 1102 2623 apud
1125 2548 1250 2604 exteros
1272 2539 1406 2622 populos

258 2682 259 2685 π
371 2656 403 2712 ct
417 2656 522 2713 nostro
538 2641 661 2712 saeculo
676 2641 756 2712 baud
772 2650 916 2733 exiguam
930 2649 1067 2712 obtinent
1081 2646 1298 2712 auctoritatem.

440 2752 488 2817 ll.
514 2755 715 2817 Christianus
738 2757 922 2818 Tbomcaiua
941 2749 1118 2830 (†1728),
1138 2758 1208 2817 ortu
1227 2749 1405 2833 Lipsiensis,

374 2862 460 2944 cujus
476 2861 602 2926 consilio
618 2861 757 2924 Halensis
773 2859 938 2923 Academia
952 2860 1085 2922 instituta
1100 2865 1157 2937 est,
1172 2857 1286 2940 ingenii
1301 2855 1406 2919 lacul-

374 2972 436 3029 tate
451 2974 540 3048 atque
557 2966 709 3030 doctrinae
724 2966 813 3048 copia
827 2966 1035 3048 varietateque
1049 2965 1187 3048 insignis,
1201 2970 1234 3026 ut
1250 2962 1321 3026 olim
1334 2961 1406 3025 Aa·

375 3071 473 3134 tistius
488 3070 602 3150 Labeo,
624 3073 676 3153 qui
692 3072 804 3153 etipse
819 3073 930 3135 ceteris
946 3072 1114 3153 sapientiae
1128 3069 1265 3153 partibus
1280 3085 1407 3149 operam

374 3175 500 3239 dederat
524 3175 573 3255 ¹),
603 3195 712 3240 novam
741 3175 811 3240 dein
837 3178 917 3241 inire
943 3179 1091 3242 rationem
1120 3176 1238 3257 coepit,
1263 3192 1354 3256 quum
1372 3179 1408 3236 et
1495 3251 1498 3254 ῃ

375 3282 561 3346 emendando
577 3290 608 3345 et
624 3282 808 3366 corrigendo
822 3285 902 3366 juris
917 3281 1103 3364 disciplinam
1118 3281 1273 3345 ordinaret
1288 3288 1319 3342 et
1335 3298 1407 3343 cum

372 3387 449 3452 alias
465 3390 530 3471 ejus
545 3395 666 3471 partes,
689 3395 751 3452 tum
770 3390 851 3471 juris
871 3390 1015 3454 naturalis
1035 3389 1221 3472 disciplinam
1235 3389 1353 3452 ratione
1368 3405 1407 3449 ac

373 3493 432 3574 via,
449 3511 538 3575 quam
554 3501 620 3558 erat
636 3495 805 3576 ingressus,
828 3502 976 3559 tractaret
992 3493 1033 3571 ³).

439 3599 487 3664 Ac
498 3600 626 3681 primum
639 3598 756 3680 quidem
772 3617 865 3664 unum
879 3608 989 3665 tanturm
1006 3603 1072 3684 ejus
1088 3601 1321 3686 cognoscendae
1331 3599 1406 3664 ion·

374 3713 434 3768 tem
450 3705 594 3770 moralem
609 3705 737 3770 hominis
753 3715 889 3769 namnam
906 3725 977 3770 esse
992 3707 1083 3785 dixit,
1105 3724 1194 3789 quarn
1213 3716 1248 3796 pt
1266 3707 1407 3791 psycho-

373 3811 482 3894 logicis
497 3809 783 3894 investigationibus
797 3818 1005 3894 cognosceret
1019 3819 1109 3894 atque
1123 3813 1326 3896 perspiceret,
1335 3829 1407 3876 cm*

429 3987 453 4053 1)
472 3989 512 4039 Dc
520 3990 580 4054 jure
592 3996 646 4041 nat.
660 3996 687 4041 et
698 3993 768 4055 gent.
781 3989 820 4039 lib
833 3990 868 4040 11.
881 4003 904 4039 c.
919 3992 942 4039 3.
962 3992 984 4052 §.
1001 3991 1041 4042 15.

427 4074 453 4140 a)
471 4075 500 4125 u.
515 4081 538 4126 a.
557 4080 580 4140 s.
594 4081 636 4129 47.
654 4079 688 4128 u.
704 4081 725 4128 1.
740 4081 763 4127 a.
777 4076 823 4140 (ue
835 4079 902 4144 orig.
912 4079 1000 4146 Jurn).

428 4161 454 4226 3)
473 4161 628 4216 continetur
652 4165 790 4217 Thomaaii
817 4165 936 4217 doctrina
960 4169 988 4219 in
1013 4168 1071 4232 ejus
1094 4165 1193 4234 Opera:
1222 4165 1407 4219 Fbadcmonta

369 4247 441 4313 juria
450 4253 578 4306 monacalis
585 4291 592 4320 ,
611 4253 696 4306 Halae
711 4255 779 4306 1705
792 4259 819 4306 et
830 4255 936 4322 saepius
948 4271 1069 4308 acuam.
