3109 5292
667 564 731 634 too

179 744 334 823 bobonum
347 746 406 812 sed
415 747 503 810 etism
513 746 733 828 antummum
742 749 852 812 ciuitas
862 765 1003 830 qmeque
1014 747 1116 827 utitur,
1127 747 1217 833 repi-

178 850 282 929 minis,
298 858 331 914 et
343 852 435 916 totius
449 851 558 935 populi
574 851 615 915 tle
623 853 708 934 justo
724 860 756 915 et
771 853 884 936 injusto
899 855 1059 918 sententia.

410 1131 420 1156 ι
472 1114 478 1208 ’Δ
550 1185 752 1248 LIBER
796 1184 844 1248 tlt

459 1313 555 1397 tuns
580 1313 710 1421 pnttiei
738 1313 933 1398 tertiano.

589 1619 745 1672 cnm
770 1617 806 1671 1.

242 1730 344 1802 tnnc
360 1730 443 1822 tntis
464 1727 580 1820 publtct
601 1733 716 1803 interni
740 1733 825 1822 quot
846 1732 963 1803 tomnt
986 1730 1150 1844 elementa.

247 1881 319 1946 tes.
341 1882 502 1964 Postquam
518 1882 558 1946 de
568 1886 640 1967 jure
655 1884 848 1967 singulorum
862 1883 1015 1947 bominum
1030 1901 1089 1948 uua
1105 1884 1217 1948 viven-

177 1988 251 2051 tium
266 1987 341 2050 satis
356 1987 504 2067 diximus,
526 1988 746 2069 dispiciendum
763 2007 844 2052 nunc
861 1995 908 2052 est
923 1987 960 2051 de
976 1989 1013 2052 lis
1025 1987 1105 2069 juris
1121 2006 1217 2071 prae-

176 2093 287 2174 ceptis,
302 2110 382 2174 quae
394 2092 433 2156 ad
446 2093 542 2173 ipsam
555 2093 636 2156 uitae
652 2093 906 2172 communitatem,
923 2094 941 2156 i.
954 2111 981 2155 e.
997 2093 1094 2173 ipsum
1110 2094 1217 2156 socie·

177 2198 247 2262 latis
262 2204 371 2261 statum
390 2204 531 2278 spectant
545 2205 578 2259 et
587 2199 666 2280 juris
686 2197 801 2278 publici
821 2197 978 2279 disciplina
1001 2195 1217 2276 comprehendi

177 2301 288 2367 sotem
328 2301 413 2365 llaec
435 2303 575 2365 tractatio
595 2320 637 2366 ox
657 2310 780 2364 nostrae
806 2301 961 2366 doctrinae
982 2303 1155 2384 praeceptis
1174 2303 1217 2364 ita

178 2409 240 2470 erit
251 2406 446 2484 instituenda,
462 2415 496 2470 ut
511 2407 697 2488 inquiramus
712 2409 742 2470 in
757 2407 849 2470 totius
862 2405 943 2469 vitae
960 2407 1128 2470 communis
1143 2405 1216 2468 iun-

176 2509 366 2589 tlamontum,
388 2517 420 2573 et
433 2517 619 2590 statuemus,
640 2511 712 2592 quid
728 2511 850 2575 socialis
871 2509 983 2572 vinculi
1000 2509 1030 2573 vi
1045 2517 1077 2572 et
1091 2517 1217 2579 naturae

177 2613 256 2680 adeo
272 2615 445 2693 inhaereat,
465 2622 499 2678 ut
513 2633 570 2696 pro
586 2615 763 2679 necessarie
781 2614 912 2696 ideoque
928 2632 984 2695 pro
995 2615 1080 2696 justo
1096 2613 1216 2676 haben-

176 2718 318 2798 trusit,
340 2728 372 2782 et
386 2720 497 2800 quibus
511 2718 609 2784 modis
620 2720 699 2802 juris
719 2718 848 2802 regulae
869 2717 942 2790 inde
960 2723 1121 2782 nascentes
1137 2715 1216 2788 deti·

174 2826 257 2892 tt'ttttc
273 2842 344 2886 esse
360 2825 478 2905 possint
493 2823 681 2904 soleantque.
706 2821 782 2886 Cum
795 2830 896 2886 autem
911 2822 992 2886 vitae
1008 2821 1214 2898 communitas,

176 2928 216 2991 (le
232 2947 290 3012 qua
303 2930 434 3012 agimus,
447 2947 484 2990 ea
496 2928 546 3006 sit,
559 2946 638 3009 quae
652 2930 765 2990 civitot
777 2927 827 2990 vel
840 2926 1215 3008 respublioo'cppellatur,

176 3033 306 3116 puniunt
322 3030 484 3096 videndum
501 3039 563 3110 est,
583 3050 662 3113 quae
683 3033 724 3095 sit
743 3039 886 3096 accuratu
902 3033 991 3114 hujus
1007 3031 1139 3095 notionis
1155 3029 1215 3092 de·

100 3159 106 3168 ·
176 3137 310 3218 scriptio.
339 3136 404 3207 Nec
420 3137 499 3199 enim
513 3155 573 3201 nna
586 3136 754 3219 eade-que
767 3138 899 3200 omnium
916 3146 964 3201 est
979 3155 1016 3204 ea
1032 3137 1071 3201 de
1087 3153 1122 3198 re
1138 3153 1214 3198 sen·
1241 3176 1245 3188 -

176 3241 280 3308 tenua
317 3239 491 3306 Secundum
507 3240 686 3304 Ciceronem
697 3239 727 3315 ¹)
748 3241 924 3322 respublica
946 3259 999 3306 res
1023 3240 1073 3304 vel
1096 3241 1215 3304 consti·

176 3345 253 3408 tutio
268 3345 373 3427 populi
388 3352 450 3408 est:
471 3345 604 3428 populus
620 3354 720 3409 autem
739 3364 801 3408 non
817 3347 914 3410 omnis
930 3346 1083 3410 hominnm
1098 3353 1214 3424 coetus,

81 3508 86 3515 .
175 3467 298 3532 quoquo
318 3447 409 3512 modo
430 3457 651 3532 congregatus,
675 3448 730 3513 setl
754 3456 863 3512 coetus
885 3451 1112 3524 multitudinis,
1129 3451 1215 3522 p'urt's

175 3572 328 3634 maworn
344 3560 376 3614 et
390 3555 540 3616 utilitatis
555 3557 768 3616 commeatione
782 3559 932 3618 socictate.
960 3556 1048 3629 Quae
1063 3556 1214 3624 hominum

177 3660 377 3743 congregatio
402 3660 460 3722 sub
484 3659 706 3742 gubernatione
734 3679 870 3725 summae
900 3661 1028 3742 alicujus
1055 3657 1213 3740 potestatis

176 3781 250 3862 esse
263 3764 346 3828 solet
355 3761 397 3840 ²).
420 3763 492 3827 lntle
504 3765 677 3846 respublica
690 3765 819 3830 dicenda
833 3783 904 3830 esse
918 3765 1040 3828 videtur
1052 3763 1212 3840 hominurn,

166 3945 169 3948 ’
231 3949 255 4016 l)
275 3949 316 3999 De
328 3932 476 4016 Republica
494 3938 540 4001 lib.
553 3951 574 4000 1.
595 3966 652 4016 cap.
666 3951 707 4000 25.

227 4035 255 4102 2)
275 4035 368 4087 Omnis
385 4051 448 4102 ergo
465 4036 593 4104 populns,
612 4039 698 4088 omnis
718 4039 814 4088 civitas
831 4039 915 4088 omnis
931 4033 1082 4102 respublica
1099 4033 1211 4085 consilio

172 4124 291 4192 quodam
305 4124 423 4191 regenda
437 4129 491 4189 cst,
508 4130 540 4176 ut
556 4125 683 4177 clintum
699 4126 742 4177 sit.
767 4123 835 4176 lbid.
855 4139 913 4191 cap.
927 4125 968 4175 tt.
1004 4121 1058 4174 ctr.
1077 4119 1162 4174 Euud.
1180 4119 1212 4173 be

173 4212 256 4282 legib.
274 4211 324 4266 lib.
335 4212 385 4282 111,
404 4225 429 4264 e.
443 4216 467 4263 t
1024 4251 1028 4259 ,

930 4299 968 4364 tt
979 4299 1000 4339 ⁴*
