3109 5292
522 1135 912 1236 Pnnurnrlo

650 1355 780 1366 ...ι-α...-

268 1505 414 1611 Viginti
445 1517 591 1612 quinque
617 1515 723 1612 elapsi
752 1525 830 1590 sunt
857 1517 955 1606 annu
984 1536 1031 1588 ex
1055 1539 1121 1610 quo
1147 1515 1235 1588 hre-

73 1717 75 1720 ,
193 1643 325 1716 viorem
335 1639 624 1740 philosophicae
631 1641 737 1740 juris
753 1639 956 1714 doetrinae
970 1643 1233 1736 expositionem,

105 1777 108 1780 ’
193 1767 394 1862 praesertim
419 1759 454 1838 in
480 1767 668 1840 scholarum
692 1787 841 1839 mearum
869 1789 965 1840 usum
994 1770 1232 1863 conscriptam,

192 1895 334 1988 primum
357 1896 391 1964 in
411 1893 521 1966 lucem
540 1891 637 1964 edidi.
679 1890 763 1965 Cum
786 1904 896 1964 autem
915 1895 1109 1967 novissimis
1134 1896 1233 1965 etiam

84 2018 89 2021 ’
191 2018 399 2113 temporibus
434 2019 644 2114 exemplaria
674 2017 773 2110 hujus
805 2018 958 2113 opusculi
989 2015 1233 2114 abibliopolis‚

192 2145 352 2238 imprimis
374 2143 542 2238 Angliae‚
570 2164 663 2214 anre
687 2155 951 2244 expeteremus,
976 2165 1046 2215 nec
1074 2144 1141 2216 ulla
1162 2149 1234 2237 jam

194 2271 381 2365 supersint3
411 2291 535 2342 novam
562 2272 634 2362 ejus
658 2267 732 2340 libri
764 2267 944 2341 editionem
971 2269 1122 2365 parando
1149 2272 1232 2343 viris

106 2437 108 2444 ,
192 2369 300 2469 doctis
317 2397 349 2467 ei
365 2393 560 2490 disciplinae
579 2417 717 2490 operam
734 2394 935 2468 navantibus
955 2415 1140 2490 eorumque
1157 2397 1232 2468 dis—

193 2521 311 2617 cipulis
328 2521 443 2592 utilem
456 2540 510 2590 me
530 2519 757 2616 praebiturum
772 2523 973 2595 existimavi.
999 2519 1074 2593 Nec
1089 2520 1231 2594 deluere
1259 2515 1263 2521 ’

193 2647 269 2736 alia,
287 2668 373 2739 quae
393 2667 447 2716 me
469 2645 510 2716 ad
529 2645 762 2740 peragendum
782 2649 990 2742 propositum
1006 2646 1231 2718 hortarentur.

191 2771 282 2845 Inter
303 2773 418 2844 varias
440 2773 601 2846 scientiae
623 2773 837 2866 provincias,
864 2793 947 2865 quas
968 2791 1108 2842 munera
1138 2771 1231 2843 divi-

191 2900 279 2970 nitus
304 2886 379 2966 mibi
406 2896 563 2988 delegata
586 2893 716 2986 haheo,
743 2897 819 2987 itta,
844 2919 941 2992 quam
961 2899 1048 2990 juris
1070 2897 1230 2970 naturalis

191 3011 253 3095 seu
274 3019 506 3118 philosophiae
527 3023 613 3114 juris
641 3020 847 3117 disciplinam
874 3022 1063 3117 appellant,
1095 3044 1231 3117 semper

80 3159 87 3174 “
189 3169 273 3244 prae
290 3149 435 3220 caeteris
452 3149 597 3219 animum
609 3170 720 3219 meum
735 3150 823 3243 oepit
840 3157 940 3242 atque
956 3147 1082 3219 allexit.
1106 3147 1229 3218 Animo

175 3275 291 3374 'igitur
312 3282 438 3346 attento
461 3295 500 3376 ac
526 3272 635 3345 studio
660 3269 837 3346 indefesso·
859 3274 933 3364 ejus
957 3271 1025 3344 lata
1054 3283 1089 3344 et
1109 3275 1228 3344 incre-

189 3407 301 3470 menta
326 3398 368 3468 ad
385 3400 573 3471 ‘novissima
602 3419 709 3492 usque
735 3408 887 3493 tempora
912 3409 1114 3492 prosecutus
1142 3420 1228 3486 sum,

189 3525 387 3620 praesertim
411 3526 445 3595 in
464 3521 667 3610 Germania,
693 3519 749 3592 uhi
773 3543 815 3592 ea
843 3525 991 3614 majore,
1015 3545 1112 3618 quam
1140 3520 1228 3618 apud

190 3630 330 3721 enteros
356 3649 496 3721 fervore
520 3656 586 3718 tam
615 3647 862 3744 aphilosophis
885 3671 983 3742 quam
1012 3650 1226 3739 ajuriscon-

189 3775 283 3848 sultis
304 3775 392 3846 culta
409 3784 509 3868 atque
526 3774 689 3848 illustrate
707 3783 769 3847 est.
795 3773 927 3859 gNuttrti
943 3776 1009 3847 viri
1029 3773 1119 3844 docti
1134 3780 1226 3844 tanto

186 3895 306 3970 labore
332 3908 491 3992 tantaque
520 3900 648 3992 ingenii
679 3901 754 3970 acie
783 3901 859 3990 ejus
882 3899 975 3970 initia
1003 3907 1039 3969 et
1064 3898 1226 3992 principia

187 4045 315 4098 summa
333 4047 454 4098 eruere
471 4019 511 4095 ac
531 4026 753 4118 sagacissime
774 4022 914 4096 delinire
938 4023 1089 4112 student3
1110 4019 1225 4095 nullibi

187 4159 237 4221 tot
256 4149 558 4246 „systematicae‚“
581 4170 667 4243 quae
688 4160 866 4243 vocantur,
887 4151 960 4242 ejus
981 4149 1225 4245 descriptiones

948 4274 977 4338 A
991 4273 1011 4336 2
