3109 5292
847 473 890 544 lo

356 656 510 730 aratione
532 656 664 740 omnium
686 654 838 724 commoni
860 662 911 719 aut
933 673 952 720 a
974 653 1125 743 peculiari
1146 654 1381 742 uniuscujusque

354 763 454 848 gentis
469 763 591 848 ingenio
606 771 658 828 aut
673 762 801 832 civitatis
817 762 1028 831 constitutione
1044 760 1158 827 dooere
1174 761 1331 846 originem.

408 919 456 979 De
476 919 674 999 philosophica
690 921 771 996 jacis
794 918 976 997 empcione
995 937 1053 996 per
1076 917 1199 978 Mam
1223 935 1326 977 cenaene

784 1015 952 1096 domnwt

419 1133 449 1200 6.
472 1134 559 1200 hliee
575 1138 658 1210 iacti
680 1136 819 1201 notiones
842 1137 989 1200 exstitere
1010 1141 1081 1217 post
1100 1134 1284 1200 christianae
1300 1130 1380 1199 ¹reli·

353 1241 452 1327 gionis
475 1241 643 1306 doctrinam
668 1261 726 1325 per
753 1251 848 1308 totum
871 1251 1023 1307 terrarum
1046 1242 1151 1306 orhem
1174 1249 1380 1327 propagatam.

351 1346 457 1412 iustus
480 1349 557 1412 enim
581 1347 738 1413 dicebatur
760 1350 804 1430 is,
827 1350 877 1432 qui
900 1347 1083 1412 christianae
1105 1347 1168 1431 legi
1190 1347 1328 1413 addictus
1351 1356 1383 1413 et

352 1472 410 1538 per
428 1454 665 1537 redemptionem
686 1455 886 1519 maculemus
906 1453 963 1519 liei
985 1461 1151 1536 praecepta
1172 1455 1300 1536 primum
1322 1472 1381 1537 per

352 1556 567 1638 hhrehamum,
590 1567 698 1642 postea
712 1578 769 1641 per
783 1560 911 1644 Moysen
927 1567 959 1622 et
973 1558 1152 1642 prophetas,
1175 1559 1308 1642 denique
1324 1577 1380 1643 per

353 1663 484 1728 divinum
502 1665 683 1728 christianae
700 1665 858 1748 religionis
878 1673 1033 1729 auctorem
1049 1664 1184 1729 revelata
1198 1673 1381 1748 sequeretur

353 1777 441 1852 atque
463 1771 504 1834 ita
526 1771 660 1849 viveret,
682 1777 715 1834 ot
737 1769 898 1853 aliquando
917 1770 974 1833 liei
994 1769 1108 1852 judicio
1130 1770 1212 1834 vitae
1233 1777 1379 1835 aeternae

351 1873 537 1940 heatitudine
562 1874 672 1960 diguus
695 1876 893 1940 inveniretur.
938 1874 1042 1958 imque
1065 1876 1149 1940 solus
1170 1877 1198 1939 is
1219 1893 1277 1958 pro
1295 1878 1380 1960 justo

350 1979 531 2060 habebatur,
555 1982 607 2063 qui
622 1981 719 2046 Deum
734 1988 912 2060 vereretur,
935 1990 1059 2065 peccate
1074 1981 1125 2046 vel
1140 2001 1201 2045 nou
1216 1983 1247 2046 in
1263 1999 1299 2046 se
1318 1981 1378 2046 ad·

350 2087 495 2164 mitteret,
518 2085 568 2151 vel
582 2094 668 2151 recte
682 2087 871 2170 honesteque
887 2087 976 2151 luctis
990 2087 1099 2152 aclide
1113 2097 1306 2171 peccatorum
1318 2109 1380 2154 re-

350 2192 429 2255 niam
451 2193 636 2274 impetraret
665 2193 724 2256 Pro
747 2193 818 2277 lege
841 2199 940 2256 autem
958 2194 1094 2276 Justitiae
1115 2201 1147 2257 el
1168 2211 1283 2258 mmmo
1299 2195 1379 2279 jmie

350 2295 434 2361 fonte
446 2297 512 2361 sole
525 2298 581 2361 Dei
596 2298 747 2378 voluntas,
769 2301 835 2373 teos
850 2299 868 2360 'n
883 2315 910 2362 e.
925 2300 1022 2362 veteri
1037 2306 1217 2363 testamento
1234 2307 1266 2362 et
1280 2317 1379 2364 evan·

350 2401 432 2488 gello
454 2401 604 2486 patefacta
626 2402 812 2482 habebatur,
842 2420 904 2466 non
927 2403 976 2482 id,
1006 2403 1087 2486 quod
1108 2405 1187 2468 ratio
1207 2404 1381 2470 hominihus

351 2525 419 2571 cum
440 2507 506 2571 Deo
529 2509 691 2572 communis
714 2508 874 2572 honestum
897 2516 928 2571 et
947 2527 1006 2592 per
1029 2527 1065 2572 se
1084 2512 1199 2593 justum
1219 2511 1380 2594 praecipit

350 2613 520 2677 Naturalis
543 2613 637 2698 igitur
656 2615 736 2697 juris
763 2615 863 2679 vicem
886 2613 1014 2679 obtinuit
1035 2617 1087 2699 jhs
1110 2617 1264 2693 divinem,
1294 2619 1380 2702 cujus

351 2727 477 2785 aeterna
493 2727 653 2804 praecepta
673 2719 703 2783 in
718 2719 874 2804 Decalopo
889 2710 1061 2804 conscripta
1077 2739 1150 2786 esse
1168 2721 1380 2787 credebantur.

350 2825 457 2890 Omnia
478 2834 578 2890 autem
600 2825 696 2890 officia
717 2823 902 2893 Christianos
922 2828 1051 2910 exsequi
1071 2846 1129 2892 neo
1148 2847 1166 2892 a
1185 2829 1296 2893 virtute
1315 2847 1378 2892 uu-

349 2951 438 3014 quam
459 2930 590 2996 delicere
611 2932 759 3013 oportuit,
781 2941 816 2995 ut
834 2932 903 2998 boui
923 2951 941 2996 a
960 2933 1028 2996 ilco
1041 2934 1178 3018 justique
1196 2935 1377 3000 inveniren-

349 3046 415 3116 tur;
434 3037 515 3101 inter
530 3055 607 3119 quae
623 3036 720 3099 officia
734 3037 824 3101 etiam
839 3036 911 3101 illud
928 3045 1005 3117 erat,
1023 3047 1056 3102 ut
1070 3057 1145 3123 erga
1160 3039 1236 3104 alios
1251 3042 1292 3104 ita
1306 3057 1379 3105 sese
1462 3115 1470 3120 ⁵

350 3151 511 3228 gererent,
534 3143 578 3206 uti
592 3140 649 3204 Dei
664 3142 804 3206 voluntas
824 3144 988 3206 statuisset
1018 3142 1107 3218 Quae
1120 3163 1226 3209 omnes
1241 3145 1379 3209 homines

349 3251 460 3316 iratres
480 3268 550 3314 esse
567 3248 677 3328 voluit,
700 3250 908 3331 praecipiens,
929 3257 1038 3314 utnon
1054 3249 1151 3314 solum
1166 3251 1267 3337 legem
1283 3252 1378 3315 illum:

350 3355 454 3442 „qood
473 3355 526 3420 tibi
547 3372 608 3419 nou
628 3355 674 3418 vis
697 3353 780 3434 fieri,
802 3355 890 3420 alteri
912 3375 951 3420 nc
973 3356 1121 3437 leceris“,
1144 3359 1195 3440 pic
1216 3366 1379 3441 sancteque

350 3463 488 3528 colerent
507 3469 596 3544 atque
617 3461 833 3542 observarent,
856 3463 912 3527 sed
928 3468 1030 3526 mutua
1049 3464 1138 3526 mam
1154 3466 1292 3526 conlate
1305 3482 1378 3529 sese

349 3568 611 3652 amplecterentur.
641 3565 714 3628 Inde
733 3566 922 3648 factumest,
945 3574 980 3632 ut
999 3568 1112 3631 caritas
1130 3577 1162 3632 et
1179 3578 1377 3652 praeceptum

348 3673 439 3738 illude
468 3672 570 3755 „quod
592 3672 640 3734 vis
662 3671 715 3734 tibi
739 3672 823 3752 lieri,
850 3672 881 3735 id
905 3680 936 3737 et
959 3673 1025 3736 aliis
1048 3672 1162 3737 luoias“
1184 3692 1241 3756 pro
1262 3691 1377 3741 summ

350 3797 425 3864 erga
445 3780 520 3843 alios
536 3777 616 3862 juris
636 3776 707 3860 lege
724 3777 899 3844 haberetur.
937 3778 1024 3853 Quod
1040 3786 1097 3842 tam
1112 3779 1173 3843 late
1187 3780 1320 3862 patebat,
1341 3790 1376 3846 ut

405 3923 430 3989 l)
449 3923 630 3986 Schmausa,
647 3922 1164 3991 hirt.jur.aat.pp.ls-1m.11eariei1,
1175 3930 1376 3994 peplos-tet.

349 4011 522 4075 Rossbach,
540 4015 564 4075 ξ.
580 4014 700 4064 la-ue.

403 4101 430 4168 2)
449 4101 513 4152 Inde
528 4105 555 4151 et
567 4099 648 4152 illud:
666 4101 774 4168 „Timor
787 4103 838 4154 ie.
851 4103 1017 4156 verecundia
1028 4105 1080 4156 Dei
1090 4104 1196 4158 initian
1207 4107 1377 4174 eapieaw

402 4190 1079 4257 o)1tietumttratiauiicl>iaa1.1>eene1>.1.
1165 4238 1168 4244 .
