3109 5292
821 533 888 608 tao

334 721 518 805 pracsertim
538 720 736 804 indigentium
751 718 997 784 administrentur
1013 727 1046 783 ct
1059 725 1287 784 convertantur.
1318 715 1374 780 Lt-

334 826 402 888 lrcri
413 844 529 889 summo
539 825 641 889 studio
652 823 826 888 educentur
835 831 867 887 et
876 824 1053 888 erudiantur
1068 841 1107 886 co
1116 822 1253 898 consilio,
1263 828 1297 886 ut
1313 837 1375 884 non

334 930 431 992 colum
442 930 613 1013 adnepotis
624 927 974 1011 singulisccureuicutia
986 936 1038 992 aut
1051 928 1088 990 ad
1100 934 1197 990 artem
1207 931 1375 1007 quaestua-

333 1035 409 1097 riam
424 1032 629 1098 exercendam
643 1033 745 1098 idonei
760 1032 942 1110 eliciantur,
958 1051 1065 1097 rerum
1081 1033 1171 1095 ctiam
1186 1037 1220 1094 ut
1233 1027 1375 1092 industrii

333 1139 393 1200 sint
411 1157 471 1200 nec
492 1137 628 1200 laborem
654 1134 806 1221 effirgiant
849 1135 1023 1200 inculcetur
1052 1138 1083 1198 in
1108 1152 1214 1198 corum
1243 1133 1374 1197 animam

336 1251 369 1306 ct
381 1249 491 1324 pectus
505 1240 686 1324 frugalitatis
702 1248 734 1303 et
747 1241 951 1322 parsimoniae
965 1257 1058 1302 amor.
1095 1240 1142 1302 Nc
1162 1238 1261 1302 desint
1282 1236 1375 1301 irue-

333 1353 441 1411 tuosae
456 1347 683 1428 occupationes,
694 1346 827 1428 negotia,
843 1345 952 1422 stadia,
961 1345 1141 1426 ipsacivitas
1154 1361 1206 1406 res
1217 1339 1376 1425 gerendas

333 1467 389 1531 pro
405 1448 548 1513 mercede
564 1450 725 1514 constituta
736 1451 1040 1533 autmuneracgcnis
1050 1447 1196 1512 conterat.
1220 1444 1376 1511 Crccutur

332 1554 450 1616 aeraria
459 1553 497 1616 ad
504 1553 708 1617 sublevandos
719 1554 880 1636 operarios
897 1561 927 1615 ct
937 1553 1079 1630 artifices,
1088 1554 1266 1634 aperiantur
1282 1567 1374 1612 arcae

333 1657 473 1739 publicac
496 1655 534 1720 ad
555 1659 763 1722 conservanda
784 1667 815 1722 ct
835 1657 991 1723 iructaosa
1020 1655 1175 1721 reddenda
1202 1653 1375 1718 industriae

264 1754 266 1757 ’
333 1761 518 1842 compendia,
534 1761 640 1824 autad
656 1763 812 1842 pensanda
828 1763 1032 1843 damna,quae
1048 1763 1131 1844 igne,
1144 1778 1242 1842 aquae
1258 1761 1374 1840 impetu

332 1871 385 1928 aut
398 1865 459 1927 alio
474 1865 536 1928 iate
550 1866 739 1949 contingunt.
761 1866 868 1944 Senes,
881 1866 1012 1943 debiles,
1021 1872 1228 1947 aegrotantes,
1244 1863 1375 1946 orphani

331 1969 363 2031 in
377 1969 508 2050 publicis
522 1969 661 2050 hospitiis
676 1971 795 2034 alantur
800 1991 809 2047 ;
830 1969 923 2036 validi
946 1970 1150 2034 mendicantes
1166 1970 1197 2031 in
1212 1969 1374 2052 ergastula

332 2075 473 2155 operaria
488 2074 591 2138 autad
604 2091 696 2157 agros
712 2075 860 2139 colendos
882 2081 1041 2156 cogantur.
1072 2071 1261 2136 coerceatur
1283 2074 1375 2136 nimia

332 2178 584 2240 commerciorum
593 2182 645 2238 aut
659 2193 807 2242 rosarium
823 2197 926 2241 rerum
935 2177 1171 2240 inchoandarum
1187 2178 1277 2239 imma
1295 2194 1376 2240 con-

330 2279 490 2342 nubiorum
519 2274 671 2343 libertas(
692 2281 884 2364 adjuventur
913 2289 1117 2344 mercatorum
1147 2289 1179 2343 et
1207 2298 1374 2362 operarum

333 2383 464 2466 collegia
478 2392 511 2446 ct
525 2383 717 2462 sodalitates,
739 2386 906 2465 artiumque
922 2386 1086 2448 liberarum
1108 2403 1198 2450 causa
1215 2384 1374 2448 institutae

331 2477 560 2552 communitates
576 2506 790 2570 quaecunque.
1258 2537 1260 2540 .

397 2590 511 2654 llarurn
521 2593 652 2656 omnium
662 2593 743 2674 apud
752 2610 858 2656 ornnes
875 2594 1003 2674 populos
1019 2593 1166 2658 cultiores
1178 2596 1240 2676 jam
1258 2593 1374 2658 dudum
1492 2613 1497 2624 ’

323 2682 452 2757 'assidua
469 2703 619 2775 osteum,
643 2705 674 2758 ct
693 2704 760 2759 crta
781 2705 830 2760 est
849 2698 1016 2778 peculiaris
1033 2715 1144 2774 aarum
1159 2707 1245 2762 recte
1267 2699 1373 2781 expli-

330 2798 492 2862 eandemm
505 2799 653 2878 doctrina,
664 2817 752 2880 quam
766 2803 911 2876 practicae
927 2803 1113 2878 mactatores
1122 2803 1173 2866 vel
1179 2804 1333 2880 petitione
1344 2803 1372 2878 1)

330 2902 486 2966 scientiam
502 2911 621 2966 recent
644 2902 809 2966 ldcirccdc
825 2905 872 2968 his
883 2907 1004 2988 longius
1020 2907 1200 2970 disserendo
1218 2906 1267 2969 liic
1284 2908 1381 2972 locus.

329 3022 389 3068 aon
412 3023 483 3069 esse
506 3005 633 3070 ridetur.
674 3008 858 3072 Accuratius
884 3008 1062 3092 indagemus
1087 3011 1180 3093 igitur
1204 3012 1235 3072 iu
1259 3012 1372 3092 privati

329 3107 452 3170 dommi
467 3109 621 3172 notionem
638 3111 697 3174 vim
713 3120 803 3192 atquc
819 3120 963 3176 naturam.

395 3210 447 3274 95.
470 3211 600 3276 Dominii
611 3213 698 3279 'notio
713 3223 765 3280 aut
782 3217 869 3280 latior
885 3228 914 3280 et
929 3219 1065 3301 vulgaris
1083 3225 1131 3280 cst
1146 3226 1197 3280 aut
1212 3219 1373 3302 angustior

330 3321 363 3377 at
372 3315 451 3396 juris
466 3317 544 3393 (reu
558 3320 700 3388 §ramum
720 3321 770 3383 vel
790 3322 955 3396 formicis).
995 3321 1049 3385 lllo
1070 3331 1172 3382 sensu
1187 3323 1326 3385 consistit
1342 3323 1371 3384 in

330 3419 479 3482 bonorum
501 3423 714 3502 universitate,
735 3443 816 3504 quae
836 3425 875 3487 ad
891 3426 1019 3504 aliquam
1036 3441 1198 3506 personam
1215 3427 1372 3504 pertinent

329 3530 362 3584 et
376 3524 492 3587 rectius
507 3526 575 3607 eJus
589 3528 816 3602 patrimonium
831 3537 968 3592 vocatur.

393 3625 484 3708 Apud
511 3632 643 3711 populos
670 3632 803 3694 intimum
834 3633 934 3695 cultus
962 3631 1215 3714 humanitatisque
1239 3633 1369 3717 gradum

328 3737 468 3794 tenentes
483 3734 661 3812 patrimonia
676 3735 769 3798 rebus
787 3735 995 3816 corporalibus
1011 3734 1050 3797 ad
1067 3735 1181 3798 victum
1203 3741 1369 3820 corporis-

328 3851 389 3913 que
419 3835 543 3898 turcum
572 3839 756 3900 necessariis
788 3844 957 3916 constant‚-
972 3846 1006 3901 ut
1030 3839 1173 3902 arborum
1199 3847 1371 3924 terraeque

389 3985 414 4050 1)
439 3987 469 4036 In
500 3989 641 4041 Germania
665 3991 738 4041 illam
763 3990 1033 4058 Polizeiwiaccnsclrcst
1058 3999 1167 4055 vocant,
1201 3996 1245 4043 cui
1275 3995 1367 4061 plures

327 4085 437 4134 magnac
462 4073 547 4125 famae
572 4079 713 4142 scriptores
737 4083 767 4126 ut
798 4077 895 4140 Loto,
921 4079 990 4129 Rcb:
1013 4077 1105 4128 Mohl
1131 4077 1232 4144 aliique
1259 4097 1367 4147 operam

327 4163 467 4206 manunt
