3109 5292
683 575 729 650 53,

186 753 277 834 ratio,
292 762 345 818 aut
359 772 410 834 ea,
423 772 502 836 quae
518 755 557 818 ad
572 757 758 830 theotoniam
771 755 962 837 aecediiaut
975 757 1038 836 illa,
1052 775 1132 840 quae
1146 775 1223 824 auc-

185 860 307 924 toritato
323 867 448 938 tuntum,
463 858 536 924 [idei
550 859 656 938 instar,
671 860 817 924 innititur.

251 964 374 1029 Plurimi
389 964 512 1047 longius
529 965 690 1046 progressi
705 981 838 1028 summas
855 965 934 1048 juris
955 966 1082 1049 regulas
1102 985 1143 1030 ex
1157 966 1224 1031 sola

115 1101 125 1130 a
185 1069 446 1132 hominis-natura
467 1085 540 1130 esse
564 1069 766 1149 repetendas,
789 1068 867 1130 hanc
887 1077 988 1133 autem
1008 1072 1104 1152 ipsam
1125 1072 1226 1136 animo

187 1181 301 1238 attento
316 1191 333 1236 a
348 1171 483 1254 quolibet
498 1189 592 1252 posse
608 1173 755 1256 cognosci
771 1172 938 1238 duxerunt:
962 1174 1044 1238 unde
1057 1179 1224 1254 prpoheta-

186 1278 259 1352 ρίου
283 1294 338 1340 seu
366 1279 641 1352 anthropotoqice,
666 1293 747 1358 quae
772 1276 883 1340 dicitur
911 1279 1125 1360 philosophiae
1146 1280 1226 1361 juris

187 1383 333 1446 tractatio.
364 1379 440 1443 Cum
454 1388 565 1458 autern,
580 1398 658 1461 quae
674 1383 703 1442 in
719 1381 765 1444 his
782 1380 1040 1462 disquisitionibus
1057 1391 1226 1448 cernuntur

187 1485 327 1549 notiones
348 1492 380 1548 et
401 1483 530 1567 regulae
550 1502 611 1547 non
632 1485 739 1548 eodem
760 1484 901 1549 firmitate
926 1487 1075 1568 polleant,
1098 1506 1176 1568 quae
1194 1488 1227 1550 in

188 1589 405 1672 philosophicis
421 1607 481 1652 non
496 1590 593 1652 minus
604 1607 692 1670 quam
708 1591 738 1650 in
754 1588 970 1653 mathematicis
985 1589 1152 1673 disciplinis
1166 1609 1226 1652 ne-

188 1695 327 1756 cessaria
342 1693 482 1771 habetur,
505 1695 651 1775 empirica
667 1695 787 1756 ratione
802 1696 916 1776 rejecta
931 1694 1010 1774 apud
1026 1694 1226 1775 Philosophos

189 1800 402 1876 spemclolioc,
422 1797 608 1874 rationalia,
633 1801 803 1860 adsmecta
824 1805 876 1860 aut
893 1799 1127 1876 metaphysica,
1150 1816 1227 1879 quae

190 1901 320 1980 dicitur,
343 1903 483 1966 tractatio
507 1902 596 1965 etiam
619 1902 649 1962 in
673 1900 731 1963 hae
754 1901 894 1964 doctrina
918 1904 1096 1984 praesertim
1118 1902 1189 1966 inde
1210 1910 1256 1966 a*

187 2005 287 2070 llantii
302 2013 401 2068 aetate
416 2005 596 2088 praevaluit.

257 2111 355 2173 Hodie
371 2117 470 2173 autem
487 2129 528 2172 err
543 2109 680 2173 omnihus
697 2109 764 2172 veri
781 2109 988 2192 cognoscendi
1007 2109 1140 2174 fontibus
1156 2110 1228 2193 phi-

189 2215 346 2298 losophiae
358 2215 438 2297 juris
455 2213 599 2298 dogmata
619 2214 788 2277 haurienda
812 2213 1029 2296 omnibusque,
1052 2215 1160 2295 quihus
1183 2216 1229 2278 uti

188 2321 272 2398 lieet,
289 2319 476 2402 argumentis
491 2326 657 2401 praecepta
674 2320 741 2401 ejus
751 2317 901 2380 fulcienda
917 2325 970 2385 aut
984 2317 1131 2382 lirmanda
1146 2337 1229 2398 esse,

189 2431 325 2488 censent.
370 2422 407 2484 lit
437 2422 514 2484 haec
545 2422 666 2503 quidem
699 2424 786 2504 quasi
816 2423 962 2486 eclectica
987 2422 1017 2499 ¹]
1041 2423 1229 2506 disciplinam

188 2537 325 2594 nostram
340 2526 488 2590 tractandi
503 2528 581 2589 ratio
599 2535 646 2592 est
661 2527 741 2590 haud
763 2526 912 2589 immerito
936 2529 1067 2590 cacteris
1089 2528 1229 2591 omnibus

189 2632 395 2717 praestantior
410 2630 548 2694 dicenda.

258 2735 334 2800 Cum
355 2736 394 2799 de
417 2734 629 2818 investiganda
648 2742 680 2796 et
696 2735 876 2798 illustranda
890 2735 970 2818 juris
987 2741 1093 2798 natura
1110 2743 1229 2819 agatur,

190 2843 321 2926 primum
328 2841 391 2922 jus,
402 2840 482 2920 quod
493 2849 549 2918 cst,
560 2841 579 2902 i.
588 2858 614 2903 e.
627 2839 707 2920 quod
719 2840 799 2921 apud
809 2840 935 2923 populos
947 2840 1095 2902 sancitum
1107 2840 1228 2902 iuveni-

190 2955 241 3011 tur
255 2946 488 3028 investigatione
507 2943 651 3008 historica
671 2943 816 3024 adhibita,
838 2944 1036 3026 spectandum
1054 2951 1109 3006 est
1142 2944 1228 3016 Quo-

189 3054 271 3115 niam
285 3059 386 3114 autem
398 3050 496 3111 omnia
506 3051 576 3131 jura
590 3048 627 3109 ah
639 3048 807 3110 hominibus
819 3049 1042 3112 constituantur
1057 3065 1094 3110 ac
1108 3049 1230 3111 nonnisi

190 3172 249 3238 per
260 3154 445 3217 voluntatem
459 3151 616 3214 humanam
630 3153 781 3215 exsistere
793 3161 913 3232 queant,
921 3151 1133 3233 inquirendum
1141 3151 1229 3214 nobis

190 3258 323 3337 videtur,
339 3258 448 3340 quibus
464 3257 652 3338 potissimum
668 3256 719 3317 illa
734 3256 921 3318 naturalibus
937 3254 1027 3318 animi
1042 3257 1230 3338 propensio·

191 3365 281 3428 nibus
296 3364 412 3444 injure
430 3361 640 3424 constituenda
654 3360 836 3444 legibusque
857 3359 1024 3422 condendis
1038 3367 1179 3425 teneatur
1194 3378 1230 3422 ae

190 3476 328 3552 regatur.
367 3467 452 3539 Quae
468 3465 637 3547 disquisitio
653 3466 780 3545 primum
794 3466 1026 3541 psychotcpicq
1042 3463 1113 3526 dein
1127 3470 1229 3524 melc-

190 3576 323 3650 phpaica
339 3587 409 3632 esse
427 3568 527 3647 debet,
548 3577 582 3632 ut
597 3568 705 3632 harum
721 3586 827 3634 rerum
847 3568 982 3650 cognitio
1004 3566 1230 3631 evidentissime

191 3683 296 3760 puteat
312 3683 342 3738 et
358 3673 395 3737 ad
410 3672 554 3754 liquidum
570 3672 807 3752 confessumque
823 3670 1018 3754 perducatur.

259 3777 411 3859 Quidquid
430 3778 499 3840 veri
513 3777 570 3841 hae
587 3776 699 3858 duplici
716 3778 763 3838 via
779 3774 1001 3852 invenerimus,
1020 3772 1050 3835 id
1068 3779 1153 3834 certe
1169 3789 1230 3834 ex-

248 3948 272 4014 1)
291 3949 368 3998 Haeo
385 3963 448 3996 vcro
468 3948 536 3997 ratio
553 3961 607 3996 non
626 3946 654 3995 in
672 3944 804 4010 florilegio
827 3944 961 3993 variarum
978 3943 1168 3992 sententiarum
1186 3957 1230 3991 cx-

192 4034 308 4085 hibendo
329 4039 440 4098 constat,
460 4034 506 4086 aed
524 4049 555 4084 eo
575 4031 674 4096 tendit,
696 4037 740 4094 ut,
766 4030 894 4096 quidquid
913 4030 1029 4092 dicatur,
1054 4045 1087 4078 ex
1111 4029 1231 4079 veritatis

194 4123 252 4172 sive
270 4122 412 4186 ampirieae
431 4122 488 4171 siro
505 4119 705 4186 metaphysicae
724 4119 798 4168 fonte
816 4116 963 4168 deducatur
980 4121 1008 4167 at
1018 4131 1050 4166 ea
1063 4129 1117 4181 qua
1128 4119 1232 4191 opoer

193 4193 351 4274 probatione
370 4207 495 4258 firmetur.
