3109 5292
643 562 709 637 tta

158 753 239 834 jure*
250 767 303 813 res
321 767 519 832 qumeanque
539 751 687 816 commodi
705 753 804 814 nostri
823 751 923 832 gratia
943 749 1197 814 transtormanutt

163 855 270 918 Nonne
289 855 343 933 lis,
366 855 497 936 quibua
518 856 645 918 consilio
666 874 730 919 rem
745 861 907 936 usurpant,
930 854 1101 918 facultatem
1125 870 1199 917 suae

162 958 325 1022 voluntatis
340 959 452 1041 placita
467 967 659 1022 caeterorum
674 959 776 1042 legem
797 975 868 1022 esse
891 959 1103 1022 contendunt?
1117 955 1201 1021 Cae-

161 1070 260 1126 terum
275 1064 302 1127 si
318 1062 479 1127 admittere
493 1064 583 1142 velis,
604 1064 657 1126 tali
670 1063 760 1126 modo
780 1072 960 1146 perpetuum
980 1063 1068 1128 nobis
1087 1063 1201 1144 acquiri

164 1167 339 1248 donninium,
355 1171 529 1232 accuratius
545 1168 747 1234 definiendum
763 1169 832 1247 erit,
854 1187 1003 1249 quaenam
1018 1169 1065 1230 rei
1080 1167 1203 1230 mutatio

163 1276 339 1337 necessaria
355 1275 403 1352 sit,
418 1283 455 1338 ut
468 1273 505 1336 ea
521 1274 634 1339 domini
650 1275 880 1349 constiturorum
896 1291 975 1355 quae
991 1273 1124 1336 definitio
1140 1280 1203 1335 tum

165 1378 284 1442 demum
296 1381 380 1462 justa
395 1368 524 1442 dicdnda
540 1388 639 1459 esset,
662 1379 783 1462 qnando
803 1379 839 1441 ab
855 1379 991 1442 omnibus
1007 1377 1099 1440 fuerit
1115 1369 1203 1439 corn·

162 1483 306 1565 probata,
330 1484 479 1548 nennius
499 1485 549 1547 vel
569 1483 760 1565 quorundam
786 1483 911 1545 arbitrio
936 1482 1015 1545 bona
1037 1481 1076 1543 ad
1098 1497 1203 1544 omnes

162 1589 348 1670 pertinentia
369 1589 565 1671 comparandi
589 1595 723 1672 potestas
749 1587 956 1650 coerceretur.
990 1585 1067 1648 lllud
1091 1593 1204 1648 tantum

163 1691 292 1755 concedi
317 1701 433 1774 potest,
456 1694 592 1773 iniquum
617 1709 703 1770 esse,
727 1699 829 1754 terrae
855 1707 973 1755 vacuae
994 1700 1205 1772 possessores,

164 1799 215 1880 qui
231 1799 314 1861 illam
330 1798 488 1861 laboribus
500 1799 563 1860 suis
574 1798 751 1860 fertiliorem
766 1794 965 1874 reddiderint,
976 1803 1026 1857 aut
1035 1793 1205 1857 habitacula

163 1904 194 1966 ia
207 1921 249 1965 cn
264 1902 472 1981 condiderint,
493 1903 531 1965 ab
551 1901 679 1966 advenis
699 1902 769 1964 illos
789 1917 845 1981 pro
865 1899 1006 1982 personis
1028 1897 1206 1961 habentibus
1315 1950 1320 1966 ,

161 2009 239 2089 jure
249 2006 341 2089 dejici
356 2025 460 2089 posse.

231 2109 284 2173 91.
308 2111 340 2175 Si
355 2130 431 2175 vera
447 2119 528 2190 sunt,
544 2122 623 2193 quae
640 2109 738 2172 adbuc
754 2109 987 2192 disputavimus:
1008 2115 1127 2172 constat
1142 2111 1206 2170 acle

49 2278 53 2284 .
163 2217 245 2280 fecto
267 2217 431 2281 dominium
458 2218 620 2298 acquirere
641 2217 786 2294 volentis,
808 2215 874 2278 sive
897 2215 1113 2296 occupatione,
1142 2215 1207 2276 sine

165 2322 212 2383 rei
232 2321 513 2400 transformatione,
538 2322 668 2402 aliquem
685 2319 837 2384 dominum
860 2319 927 2381 lieri
943 2335 1045 2400 posse,
1068 2318 1125 2381 nisi
1150 2332 1206 2378 re·

165 2424 256 2506 liqui,
279 2426 430 2489 adversus
451 2443 528 2507 quos
545 2426 596 2507 jus
617 2442 704 2487 snum
720 2425 870 2500 vindicat,
892 2431 923 2485 et
937 2423 994 2504 ipsi
1011 2423 1063 2486 illo
1079 2423 1110 2484 in
1126 2422 1206 2485 facto

168 2531 368 2594 sufficientem
384 2531 474 2613 bnjus
486 2529 567 2611 Juris
582 2529 724 2610 acquisiti
743 2529 891 2590 rationem
913 2527 1109 2608 conspiciant
1147 2523 1207 2588 Se·

169 2637 288 2716 quitur,
310 2636 501 2698 verissimam
525 2651 595 2697 esse
625 2635 732 2693 nanto
759 2634 952 2695 sententiam:
981 2631 1092 2694 nullam
1120 2637 1208 2692 extra

167 2743 357 2820 sociemem,
373 2742 392 2804 i.
401 2758 429 2802 e.
445 2740 512 2802 sine
528 2739 654 2804 aliorum
671 2753 833 2815 consensu,
849 2739 1101 2815 intellectualem,
1117 2753 1207 2817 quam

167 2855 276 2926 uocat,
297 2865 401 2910 rerum
420 2844 724 2923 accusatoremne.
746 2841 870 2906 dominii
890 2839 1066 2922 acquirendi
1087 2857 1208 2904 causam

168 2951 399 3033 admittiposse.
429 2950 515 3012 licet
536 2950 632 3032 igitur
649 2951 702 3031 jus
723 2957 848 3013 exteras
870 2964 922 3010 res
943 2946 1111 3029 occupandi
1132 2945 1210 3028 per·

169 3073 265 3120 sonae
281 3057 417 3138 qualitati
432 3055 598 3133 inhaereat,
608 3064 639 3116 et
653 3055 780 3136 quilibet
795 3053 885 3116 bomo
898 3055 968 3136 jure
984 3051 1105 3114 fruatur
1119 3052 1209 3112 vitam

170 3177 257 3223 ruam
278 3174 338 3223 usu
363 3175 465 3222 rerum
490 3167 666 3223 exterarum
695 3157 896 3223 sustentandi:
927 3165 1027 3220 tamen
1050 3155 1210 3218 dicendum

170 3275 234 3330 est:
255 3267 398 3340 clamator
417 3283 536 3327 cartana
557 3284 597 3327 ex
617 3267 725 3347 quibus
738 3265 850 3344 ‘aliquis
867 3260 1003 3324 dominus
1020 3261 1148 3342 alicujus
1164 3261 1211 3321 rei

170 3369 249 3434 effici
265 3372 377 3452 possit,
396 3371 518 3432 nonnisi
538 3371 693 3430 commem
712 3386 772 3433 una
793 3366 957 3429 viventium
972 3365 1125 3428 hominum
1141 3366 1211 3439 opi·

170 3477 269 3536 trione
296 3493 391 3556 posse
418 3475 574 3537 constitui:
607 3473 740 3555 ideoque
769 3470 958 3534 manifestum
989 3477 1048 3532 est:
1082 3468 1211 3530 dominia

171 3597 276 3643 rerum
293 3598 355 3643 nen
371 3581 401 3640 in
417 3587 496 3641 statu
511 3579 651 3656 naturali,
661 3596 751 3658 quem
766 3583 887 3654 vocant,
899 3577 965 3656 ipso
977 3577 1047 3658 jure
1064 3575 1211 3648 existere,

171 3685 230 3749 sed
251 3704 270 3749 a
293 3685 424 3747 civitatis
445 3683 565 3746 demum
587 3683 802 3746 constitutione
824 3680 972 3762 originem
993 3678 1117 3740 ducere.
1147 3675 1212 3738 lloc

173 3797 274 3853 autern
286 3788 365 3853 adeo
378 3807 485 3852 verum
501 3796 558 3866 est,
574 3797 607 3850 nt
622 3791 682 3849 non
699 3787 796 3848 solum
813 3784 933 3846 dominii
949 3783 1098 3845 securitas
1116 3787 1146 3842 et
1161 3787 1213 3842 tu-

172 3894 232 3956 tela
254 3912 271 3956 a
293 3892 375 3957 civili
399 3892 517 3956 demum
539 3893 687 3954 societate
710 3886 898 3970 repetendae
922 3887 994 3949 sint:
1018 3903 1125 3947 verum
1148 3885 1214 3966 ipsa

175 3997 297 4060 dominii
317 3997 428 4078 privati
450 3997 550 4076 notio,
575 3997 621 4059 vis
643 4004 674 4058 et
694 3993 839 4072 effectus,
862 4011 919 4054 nec
942 4008 1002 4055 non
1017 4007 1123 4054 omnes
1139 3987 1214 4052 illud

175 4101 352 4184 acquirendi
368 4101 456 4164 modi.

240 4206 336 4271 Plane
355 4204 478 4290 quidam
501 4222 544 4266 ex
565 4203 629 4282 bis,
651 4204 765 4286 ubique
785 4209 939 4267 terrarum
960 4209 991 4264 ct
1008 4199 1088 4284 apud
1109 4217 1214 4264 omnes

954 4302 1002 4376 8}
