3109 5292
652 537 716 604 tlte

162 725 277 804 genter
290 715 527 802 jurisconsultus
542 716 652 781 Paulus
671 716 743 780 dicit
753 715 800 798 1),
820 719 1016 804 obligationis
1035 721 1201 787 samanae

162 842 223 888 non
239 825 271 887 in
286 843 335 903 eo,
349 832 385 888 ut
399 822 513 904 aliquid
528 841 644 905 corpus
657 831 795 888 nostrum
809 825 860 887 vel
873 827 1051 890 servitutem
1067 835 1201 890 nostram

163 929 272 1008 tanim,
292 929 348 992 sed
363 929 494 1010 aliquem
509 928 597 992 nobis
612 928 794 1011 adstringat,
814 928 854 992 ad
869 929 1000 995 dandum
1022 931 1135 1012 aliquid
1150 930 1201 996 vel

163 1033 350 1113 iaciendum,
366 1033 417 1096 vel
432 1033 655 1115 praestandum.

232 1137 492 1212 Quemadmodum
508 1136 638 1202 dominia
652 1146 818 1220 ceteraque
831 1139 902 1222 jura
917 1139 948 1202 in
963 1157 999 1202 re
1016 1157 1057 1202 ex
1071 1141 1201 1203 naturali

163 1259 269 1306 rernm
287 1243 484 1324 possessione
506 1243 651 1324 coepisse
669 1242 800 1306 dicenda
820 1252 904 1322 sunt,
925 1245 966 1306 ita
985 1244 1201 1330 obligationum

163 1349 255 1432 origo
270 1366 310 1410 ax
325 1349 479 1412 bominum
492 1349 575 1412 inter
590 1351 800 1428 sescuncia,
820 1351 1050 1412 conversatione
1068 1357 1098 1412 et
1113 1367 1201 1412 com·

162 1454 279 1516 moreio
310 1452 478 1517 deseendit.
521 1452 656 1517 Ellicitur
685 1461 838 1535 perpetua
859 1471 964 1519 aarum
995 1470 1053 1516 una
1077 1453 1201 1516 vivendi

163 1557 398 1636 consuetudine,
409 1565 444 1622 nt
450 1559 520 1641 jura
533 1575 587 1620 sua
601 1559 836 1636 communicare,
848 1564 1024 1638 permutare
1038 1558 1127 1618 immo
1140 1574 1202 1620 non

162 1677 234 1726 raro
252 1663 331 1745 iuris
351 1663 399 1725 sni
421 1662 608 1743 provinciam
630 1663 739 1745 egredi
762 1668 795 1724 et
809 1662 904 1724 invito
927 1663 1022 1724 altera
1046 1662 1114 1743 oJus
1130 1663 1202 1744 jura

162 1773 357 1830 contrectare
371 1767 499 1830 soleant
529 1765 648 1839 Quodsi
662 1767 727 1841 liat,
748 1767 914 1847 quaeritur,
931 1773 1082 1846 quatenus
1098 1775 1201 1834 mutua

162 1869 243 1936 inter
259 1889 315 1935 eos
330 1870 441 1936 relatio
456 1873 487 1934 in
498 1873 572 1955 jure
587 1873 645 1935 alia
660 1871 742 1934 iacta
756 1873 809 1951 sit,
830 1878 861 1934 et
875 1887 1021 1953 quaenam
1037 1889 1115 1934 nova
1129 1871 1200 1934 inde

163 1995 219 2040 aas
241 1976 414 2040 intercedat
431 1975 627 2040 necessitudo
647 1984 679 2038 et
693 1995 733 2038 an
747 1977 836 2040 alteri
856 1976 894 2040 ad
910 1976 1123 2058 praestandum
1140 1977 1200 2040 ali·
1218 2013 1220 2016 v

162 2081 234 2163 quid
249 2080 413 2144 teneatur?
444 2079 563 2144 Summa
573 2097 661 2164 'ergo‘
673 2081 705 2142 in
719 2079 777 2142 lnac
787 2080 867 2163 juris
883 2089 969 2162 parte
985 2083 1123 2161 quaestio
1140 2089 1199 2144 est:

161 2186 406 2271 quaenamtacta
417 2203 474 2268 pro
486 2186 704 2270 obligationum
716 2186 818 2248 causis
831 2184 968 2248 habenda
980 2185 1062 2247 sint?
1079 2184 1200 2263 danda,

160 2303 239 2375 qaae
255 2293 296 2356 sit
307 2291 526 2374 obligationum
540 2293 589 2362 nis
604 2298 695 2372 atqne
711 2290 841 2353 natura?
871 2305 1021 2370 quaenam
1037 2289 1200 2371 obligatio·

160 2414 232 2460 nam
247 2397 310 2459 siat
324 2413 439 2479 genera
454 2403 486 2458 et
501 2394 752 2476 quemadmodum
768 2395 845 2456 haee
855 2397 927 2477 jara
942 2393 1107 2456 tollantur?

186 2529 190 2535 ⁴
229 2499 302 2564 105.
326 2499 441 2573 Quodsi
461 2500 545 2562 varia
566 2498 646 2561 iacta
665 2497 910 2575 consideramus,
931 2497 1095 2578 exquibus
1117 2497 1199 2560 obli·

159 2605 303 2690 gationes
325 2605 409 2668 nasci
425 2604 541 2682 solent,
564 2604 606 2668 nil
627 2604 742 2667 certius
766 2619 837 2666 esse
863 2603 1083 2684 comperimus,
1108 2620 1198 2683 quarn

159 2709 280 2774 delictis
295 2713 344 2784 (ς.
352 2707 423 2785 68.)
439 2707 586 2792 eiusmodi
597 2710 678 2792 juris
692 2707 811 2771 vincula
828 2707 977 2770 constitui.
998 2704 1103 2769 Omnis
1119 2707 1198 2768 enim

155 2815 236 2899 Jnris
252 2814 344 2877 aliem
359 2814 455 2876 laesio
475 2814 586 2897 injusta
606 2814 673 2876 sire
694 2814 804 2896 iniuria
828 2808 957 2875 dicenda
979 2818 1043 2890 ast,
1066 2811 1197 2892 ideoque

160 2920 260 2984 damni
289 2936 327 2980 ea
347 2918 438 2980 alteri
465 2917 539 2980 illati
567 2918 718 2998 reparatio
742 2917 877 2999 justitiae
906 2917 1078 2996 praeceptis
1101 2918 1197 2998 jussa.

160 3022 314 3106 Competit
323 3023 418 3105 igitur
432 3022 472 3099 ei,
489 3022 539 3085 cui
555 3021 592 3083 ab
607 3021 667 3084 alio
682 3021 790 3102 injuria
804 3019 886 3084 illata
903 3027 959 3098 est,
975 3019 1103 3082 alterum
1120 3037 1197 3101 per-

159 3126 308 3209 sequendi
323 3125 454 3189 laenius
472 3133 505 3188 ut
524 3143 562 3189 aa
577 3125 715 3204 tollatur,
736 3126 840 3206 isque,
862 3125 914 3205 qui
930 3141 996 3186 eam
1012 3133 1196 3205 passusgesq

158 3232 308 3295 indemnis
336 3237 510 3312 praestetur
538 3229 576 3292 ab
605 3227 794 3292 adversario.
842 3227 983 3292 Nascitur
1010 3247 1088 3313 ergo
1115 3231 1197 3292 inter

158 3343 326 3416 utrumqne
353 3333 548 3416 obligationis
580 3333 745 3396 vinculum.
794 3331 932 3395 Omnium
965 3334 1102 3416 gentium
1124 3336 1197 3415 jure

157 3440 268 3504 delicta
284 3455 342 3520 pro
357 3439 576 3521 obligationum
591 3438 690 3500 (ansis
705 3437 865 3500 habentur.

223 3548 261 3618 a)
284 3540 361 3606 Cum
382 3543 448 3606 sine
466 3541 614 3623 peculiari
626 3541 704 3623 Juris
721 3541 908 3604 necessitate
922 3558 1011 3604 nemo
1027 3540 1064 3603 nd
1077 3541 1196 3604 lacian-

157 3647 227 3712 dnm
244 3648 333 3710 alteri
348 3653 500 3724 teneatur,
515 3645 713 3728 perspicuum
726 3653 785 3724 est,
797 3662 880 3708 mera
893 3645 1080 3728 negligentia
1097 3644 1195 3707 delie-

156 3752 379 3816 tnmcommitti
395 3768 456 3814 non
471 3767 574 3832 posse.
603 3749 701 3814 Omne
717 3749 858 3812 delictum
874 3765 966 3832 ergo,
983 3756 1017 3812 ut
1032 3747 1091 3810 dici
1106 3748 1195 3826 solet,

156 3858 187 3920 in
201 3859 294 3930 racto
307 3856 442 3932 poneba
458 3855 611 3932 consistit,
626 3853 646 3916 i.
661 3872 689 3916 e.
706 3852 846 3917 iaciendo
861 3859 975 3916 tantuin
992 3859 1195 3934 perpetratur.

222 3961 262 4035 b)
284 3958 405 4022 Nullam
417 3958 529 4022 deinde
542 3958 687 4021 delictum
701 3974 773 4020 esse
785 3964 896 4038 potest,
910 3957 969 4020 nisi
980 3973 1041 4038 quo
1049 3958 1102 4038 jus
1114 3956 1195 4019 alte-

213 4182 240 4249 1)
258 4181 301 4233 Fr.
315 4182 341 4232 3.
359 4196 398 4248 pr.
411 4181 445 4231 D.
458 4184 502 4246 44,
515 4186 539 4233 7.
557 4178 602 4247 (de
615 4179 676 4233 obt
689 4185 715 4231 et
726 4177 800 4246 Act.)
