3109 5292
839 521 902 591 lto

353 702 462 782 norb,
485 711 518 767 et
531 703 612 768 initis
626 721 702 768 enon
717 703 785 768 aliis
805 703 978 768 nationibus
998 702 1196 780 foederibus,
1214 719 1252 764 uc
1270 707 1394 764 mnbrne

354 806 540 872 detensionis
560 809 786 890 sponsionibus.
824 807 877 872 llis
895 808 977 872 inter
996 809 1129 890 populos
1149 806 1306 891 politiores
1326 803 1394 868 Eu-

352 929 446 993 ropoe
462 921 587 976 nostrae
605 912 755 994 quaedam
769 913 851 994 juris
871 911 1009 976 societas-
1025 913 1189 976 constituta
1205 919 1268 988 est,
1289 914 1393 988 apote-

351 1018 448 1079 nrntis
469 1018 593 1094 politici
615 1018 738 1081 nomine
761 1023 852 1094 nota,
875 1035 936 1096 qua
961 1017 1110 1098 quuedurn
1135 1015 1335 1098 aequabilitas
1362 1020 1394 1076 et

352 1120 447 1185 mutui
469 1121 547 1203 juris
568 1122 722 1184 securitas
745 1121 889 1199 edicitur,
915 1128 947 1182 et
969 1120 1045 1188 illud
1070 1122 1288 1200 neprdtibrium
1313 1117 1395 1184 eivi-

352 1231 460 1303 tatum,
481 1243 543 1306 quo
558 1225 610 1290 vel
625 1225 764 1290 minimae
779 1225 968 1306 reipublicae
984 1225 1216 1304 tutelaribus,
1235 1242 1325 1306 qnam
1342 1221 1395 1304 qui

353 1329 484 1413 aggredi
498 1338 665 1394 conaturus
681 1331 720 1393 sit
733 1329 883 1412 populns,
900 1329 1069 1411 conjunctis
1084 1330 1271 1412 reliquorum
1288 1343 1395 1410 popu-

352 1434 449 1498 lorrnn
465 1437 557 1498 armis
572 1435 752 1498 continetur.
784 1434 868 1498 llaec
885 1435 1087 1512 consociatio,
1103 1435 1152 1498 eui
1168 1450 1315 1498 crescens
1331 1431 1395 1496 bn-

353 1555 459 1601 munus
474 1539 573 1602 cultus
588 1539 748 1620 plurimum
764 1537 867 1616 debet,
883 1537 994 1620 injuste
1009 1539 1091 1602 bella
1107 1537 1240 1620 impedit,
1257 1545 1288 1600 et
1303 1555 1394 1601 sunr-

353 1660 431 1704 mem
447 1643 510 1724 juri
529 1643 665 1727 gentiunt
686 1643 777 1705 affert
798 1643 994 1706 sanctionem.
1033 1642 1105 1706 lude
1128 1651 1160 1706 et
1174 1641 1392 1706 contentiones

352 1746 433 1809 inter
448 1746 525 1812 duas
540 1748 679 1812 nationes
698 1754 839 1825 exortos,
861 1763 922 1813 non
944 1764 1016 1810 raro
1037 1747 1117 1810 tertii
1138 1747 1245 1829 populi
1265 1746 1394 1810 arbitrio

353 1851 453 1916 dirimi
467 1860 500 1916 et
513 1853 594 1916 bebo
608 1853 808 1919 mediatorum
825 1854 1047 1918 intercessione
1063 1852 1142 1923 liniri
1156 1851 1295 1918 videmus
1308 1848 1347 1922 ¹).

419 1956 562 2021 Graviter
591 1958 695 2040 lapsus
726 1974 797 2023 esse
827 1955 947 2022 videtur
976 1955 1131 2020 Kantius
1161 1955 1393 2030 (Recitatebre

353 2059 444 2136 §.54
457 2067 556 2142 sep),
581 2064 634 2143 qui
653 2063 765 2127 nullan
782 2062 862 2145 juris
882 2045 1141 2124 necessitudinem
1161 2060 1240 2122 inter
1253 2057 1392 2142 populos

354 2181 427 2230 esse
441 2164 606 2244 contendit,
622 2183 669 2244 eo,
684 2166 766 2247 quod
781 2167 933 2230 communi
948 2165 1077 2247 irnperio
1090 2165 1221 2246 subjecti
1236 2181 1297 2226 non
1314 2169 1393 2226 sunt

353 2269 421 2334 Nee
445 2277 547 2351 potest
570 2271 683 2334 bellurn
707 2271 766 2336 dici
791 2273 942 2337 nationum
968 2270 1047 2334 inter
1069 2286 1103 2332 se
1128 2269 1299 2334 solutorum
1326 2274 1392 2332 ste·

353 2380 417 2451 tus3
446 2393 515 2438 nam
546 2393 588 2438 ex
607 2383 711 2441 nntaa
739 2393 845 2440 earum
875 2374 1030 2458 agnitione
1058 2373 1138 2436 inter
1162 2391 1215 2438 eas
1242 2371 1392 2454 quaedum

354 2480 547 2544 constituitur
565 2481 714 2561 societas,
734 2489 768 2546 et
786 2481 950 2563 probantur
970 2496 1145 2544 communes
1161 2478 1237 2562 justi
1252 2477 1392 2561 regulae,

347 2604 432 2667 -quae
446 2603 556 2651 verum
571 2588 625 2668 jos
640 2587 781 2652 efficiunt
817 2587 927 2651 Miscet
941 2586 990 2650 vir
1010 2601 1144 2652 suminus
1156 2583 1236 2671 juris
1252 2583 1392 2648 sanctio·

352 2707 425 2754 nenr
439 2709 508 2754 eum
519 2692 742 2774 instinctione,
757 2709 857 2774 eaque
872 2693 903 2754 in
916 2707 953 2756 re
965 2707 1071 2772 purum
1088 2689 1145 2754 sibi
1161 2695 1305 2785 mustene
1321 2703 1391 2752 esse

351 2795 483 2861 uidem
1240 2841 1242 2851 .

422 2899 495 2964 149.
517 2898 598 2965 Satis
618 2901 794 2965 dictumest
812 2901 850 2965 de
867 2901 948 2985 juris
963 2901 1098 2985 gentium
1114 2897 1264 2976 fontibus,
1289 2895 1391 2960 indole

352 3012 385 3068 et
398 3007 579 3069 sancbonez.
596 3005 756 3070 videamus
771 3005 810 3070 de
831 3025 947 3070 summo
970 3008 1039 3090 ejus
1060 3005 1212 3087 principio
1228 3011 1260 3069 et
1275 3001 1317 3066 de
1332 3021 1391 3066 ne-

352 3110 495 3172 censoriis
515 3109 650 3190 sequelis
673 3111 712 3173 ab
734 3130 773 3175 eo
794 3112 1021 3194 profluentibus.
1051 3109 1230 3188 Quaeritur,
1255 3106 1330 3189 quid
1352 3107 1392 3170 sit

407 3317 433 3384 1)
451 3318 483 3368 In
499 3318 668 3383 dijudicanda
684 3322 765 3386 igitur
779 3321 848 3386 juris
865 3321 984 3386 gentium
1003 3321 1031 3370 vi
1049 3325 1076 3378 et
1091 3321 1223 3386 potestate
1242 3315 1392 3369 cavendum

352 3412 403 3470 est,
420 3421 455 3456 ne
472 3407 501 3456 in
517 3407 664 3458 contraries
684 3423 784 3458 errones
803 3408 964 3471 incidemus,
987 3409 1004 3458 i.
1019 3424 1040 3459 e.
1060 3423 1093 3457 ne
1111 3422 1183 3456 mera
1202 3403 1392 3472 philosophica

351 3493 525 3556 theoremata,
542 3495 676 3562 apopulis
688 3511 743 3545 non
755 3495 939 3562 comprobata,
957 3511 1004 3562 pro
1018 3491 1172 3560 rigentibus
1188 3493 1257 3556 juria
1270 3493 1392 3558 gentium

351 3582 499 3648 praeceptis
511 3574 668 3644 habeamus3
686 3588 712 3632 et
724 3600 758 3632 ne
770 3585 820 3633 teti
836 3583 900 3633 huie
908 3583 964 3646 juri
976 3583 1033 3631 veri
1042 3581 1111 3647 juris
1124 3595 1221 3630 nomen
1235 3584 1261 3629 et
1274 3581 1391 3630 auctori·

350 3673 432 3719 tatem
444 3669 611 3735 denegemus
637 3666 693 3720 Soli
701 3671 756 3734 juri
770 3671 845 3720 civili
857 3685 959 3721 summa
972 3675 1011 3720 est
1023 3669 1127 3719 sanctio
1141 3665 1238 3729 additu,
1251 3667 1269 3716 i.
1280 3682 1303 3716 e.
1318 3654 1391 3718 eoir-

350 3757 415 3806 o'itio
431 3771 479 3822 per
493 3758 676 3822 magistratus:
694 3758 781 3807 minor
800 3761 840 3808 est
856 3759 959 3808 sanctio
975 3756 1044 3820 juris
1062 3755 1178 3821 publici,
1196 3754 1309 3805 minimo
1321 3754 1390 3818 jnrb

350 3843 478 3909 gentium.
499 3843 556 3894 Nee
568 3844 640 3893 omni
652 3847 769 3910 tempore
781 3848 856 3896 tnntu
868 3849 924 3894 erat
931 3845 1000 3908 juris
1013 3841 1103 3902 civilis
1116 3842 1270 3904 efficacitas,
1289 3845 1391 3908 queunte
1508 3833 1522 3874 *t

350 3929 422 3996 opud
439 3931 572 3982 Romanos
592 3934 618 3980 et
635 3931 665 3980 iu
682 3930 838 3999 civitatibus
860 3930 1019 4004 populorum
1037 3931 1214 3981 recentiorum
1234 3928 1305 3980 bene
1321 3927 1389 3978 ordi·

351 4017 581 4068 natisinvenitur.
611 4017 705 4067 Nonne
723 4015 810 4067 medio
824 4033 889 4068 aevo
904 4022 929 4068 et
947 4017 1112 4084 privatorum
1131 4016 1331 4068 controversiae
1343 4030 1389 4083 per

350 4101 491 4153 commines
508 4101 649 4168 pidieielio
667 4102 872 4155 dirimebantur:
897 4109 923 4156 et
947 4102 1011 4170 quid
1033 4089 1188 4154 eliud'sunt
1210 4095 1286 4156 bello
1309 4115 1387 4170 quem

342 4185 472 4240 ordalio?
1300 4203 1303 4210 Δ
