3109 5292
332 697 444 761 earet?
473 695 549 760 lnde
569 695 651 780 ipris
670 703 703 757 et
716 706 815 774 muas
830 691 1002 758 interdictio
1018 691 1193 760 mortalitati
1208 707 1374 774 eompara-

331 808 397 881 tur,
419 800 570 882 hodieque
592 815 675 862 mors
701 797 800 862 uirilis
826 796 1008 879 appellatur.
1045 795 1094 860 Nil
1118 803 1217 864 maren
1236 795 1373 879 impedit,
1405 891 1406 894 Ἴ

332 906 405 987 quin
421 923 479 986 pra
494 905 580 969 varia
596 903 750 967 bominum
765 901 938 966 conditione
954 909 1006 966 aut
1020 902 1153 984 ipsarum
1166 918 1272 966 rerum
1291 918 1372 983 qaa-

331 1009 416 1074 litate
442 1017 475 1072 et
503 1009 674 1073 differentia
701 1006 781 1071 baeu
809 1006 887 1072 bona
914 1006 1094 1088 acquirendi
1123 1014 1261 1088 potestas
1283 1005 1373 1074 medo

331 1114 452 1194 plenior
476 1115 516 1177 sit
539 1112 628 1178 modo
651 1112 822 1195 angustior.
861 1108 1033 1178 Careamus
1056 1129 1145 1189 vero,
1169 1131 1208 1176 na
1231 1130 1310 1176 eam.
1319 1113 1372 1194 J'ur

331 1217 453 1281 dominii
471 1219 677 1299 appellemus,
702 1216 761 1280 boo
783 1215 863 1278 onim
884 1222 947 1280 tum
969 1215 1089 1286 dearum
1108 1218 1196 1282 nobis
1217 1217 1372 1298 oompetit,

331 1339 400 1384 cum
410 1339 476 1384 rem
485 1321 616 1404 aliquam
628 1321 783 1404 legitimae
798 1319 1004 1400 acquisitionis
1018 1339 1078 1403 ope
1093 1321 1236 1402 potestati
1250 1328 1373 1385 nostram

330 1426 528 1508 subjecimus,
562 1425 644 1507 quod
665 1423 895 1506 quibusmodis
918 1423 971 1488 liat
994 1424 1146 1508 deinceps
1167 1431 1219 1501 (ς.
1240 1424 1285 1490 99
1307 1442 1372 1506 seq.
1408 1453 1411 1460 ·

330 1530 492 1595 disemus.
1244 1601 1252 1628 Ι

401 1633 454 1700 td.
476 1632 552 1699 Cum
573 1653 719 1701 summum
739 1633 1095 1698 bominis-ornamentum
1110 1637 1143 1698 in
1157 1637 1373 1702 nonanoean-

331 1743 428 1820 sistat,
442 1749 529 1806 uerte
541 1741 625 1806 illum
641 1757 705 1802 uon
717 1747 751 1803 ut
759 1756 923 1820 personam
941 1746 1070 1805 moetus
1084 1740 1237 1819 videmur,
1251 1739 1372 1806 auita

331 1862 440 1908 manae
453 1844 870 1928 dignitatisexistirnatioaem
884 1861 941 1906 seu
956 1847 1162 1910 reuerentiam
1176 1845 1373 1928 denegem

331 1947 454 2014 Fruitur
466 1951 561 2032 igitur
574 1951 672 2014 omnis
686 1967 821 2032 persona
836 1956 896 2016 tam
913 1948 965 2012 diu
980 1950 1212 2019 existimationis
1222 1952 1297 2032 jure
1312 1949 1332 2012 i.
1343 1965 1373 2013 e.

332 2054 459 2119 illaesae
465 2055 618 2138 dignitatis
631 2062 722 2133 statu,
737 2054 881 2136 quamdiu
895 2055 962 2136 ipse
971 2039 1080 2120 bonam
1091 2055 1199 2120 famam
1207 2074 1292 2120 amm
1301 2071 1372 2118 nro·

331 2176 400 2222 rum
409 2159 596 2241 turpitudine
612 2167 664 2222 aut
678 2159 793 2222 delicto
807 2175 868 2222 nou
885 2161 1085 2224 conantum,
1094 2161 1147 2224 llis
1163 2161 1245 2224 enim
1258 2159 1373 2223 *erisn-

274 2344 276 2353 ,
330 2265 483 2328 matioaat
496 2266 616 2328 omnino
625 2265 824 2342 eonsumitur,
841 2265 892 2326 aut
900 2263 1042 2330 minuitur
1049 2263 1090 2342 1);
1104 2265 1166 2329 boe
1180 2264 1213 2328 fit
1228 2272 1282 2328 aut
1291 2280 1373 2345 poe-

330 2384 440 2434 narum
448 2369 599 2433 iminium
608 2370 806 2453 irrogantium
814 2370 1010 2452 injunctione,
1019 2378 1160 2434 autmera
1169 2369 1312 2434 infamiae
1320 2367 1371 2432 vol

331 2472 511 2537 lernaeae
526 2475 654 2538 maeuii.
671 2474 731 2547 Qui
745 2475 1002 2538 existimationem
1018 2476 1069 2538 rel
1084 2474 1369 2541 bonoremalterbts

277 2653 291 2672 ,⁷
331 2577 433 2657 laedit,
448 2579 515 2643 sire
529 2578 621 2643 laetis
633 2581 701 2642 sive
713 2581 830 2659 verbis,
851 2587 904 2644 aut
917 2597 986 2644 oum
997 2581 1082 2646 illum
1095 2589 1128 2646 ut
1140 2582 1303 2660 bominem,
1315 2579 1372 2662 qui

331 2699 425 2747 sanae
439 2685 548 2748 mentis
563 2701 623 2746 non
638 2686 691 2762 sit,
707 2691 829 2763 tractet,
847 2693 900 2748 aut
916 2685 1018 2752 deitati
1034 2704 1121 2750 raum
1137 2694 1190 2752 aut
1204 2687 1285 2752 vitae
1301 2693 1373 2748 tur-

283 2839 289 2848 .
331 2788 468 2870 pitudine
483 2797 644 2872 gravatum
666 2808 740 2852 eum-
759 2789 848 2869 dioat,
873 2791 1083 2857 contumeliam
1104 2791 1136 2854 oi
1155 2788 1258 2869 infert,
1276 2789 1373 2872 ‘euius

334 2893 485 2958 delendae
501 2895 601 2977 gratia
616 2911 746 2975 poenam
762 2894 851 2958 luere
867 2895 954 2958 solet
1017 2931 1020 2936 -

399 3000 503 3063 Potest
518 2999 701 3062 existimatio
716 3008 821 3065 nostra
837 3001 955 3084 augeri,
976 3000 1056 3082 quod
1073 3008 1107 3064 et
1118 2997 1161 3078 sit,
1184 3017 1253 3064 eum
1269 2998 1373 3081 pubb-

332 3121 389 3167 ous
404 3102 503 3166 honos
517 3105 549 3166 in
563 3121 621 3166 nos
635 3103 803 3168 eoniertur.

400 3204 451 3270 77.
474 3207 530 3271 Jus
545 3209 692 3272 libertatis
707 3213 816 3274 summi
838 3201 982 3276 momenti
998 3229 1079 3292 esse,
1095 3229 1137 3276 er
1152 3228 1191 3274 eo
1206 3209 1376 3294 colligitur,

333 3311 417 3394 quod
440 3313 508 3375 sine
530 3322 653 3378 mutuae
673 3314 822 3380 libertatis
846 3316 940 3380 tutela
966 3316 1047 3380 nulla
1065 3317 1149 3398 juris·
1166 3315 1377 3392 communitas,

332 3418 424 3482 immo
444 3435 505 3480 neo
527 3419 620 3482 altum
638 3421 691 3501 jus
714 3438 785 3484 ease
810 3421 916 3504 possit
955 3421 1020 3486 ¹Sed
1043 3421 1126 3486 nulla
1147 3421 1273 3504 injure
1290 3419 1376 3482 notio

331 3524 523 3589 accuratiore
539 3532 615 3606 eget
626 3526 902 3607 ·interpretati0ne;
927 3533 1050 3609 atquae
1066 3526 1216 3610 vulgo-de
1232 3524 1375 3592 blattam

333 3629 595 3694 mreumieruntur
608 3629 781 3712 opiniones,
795 3633 977 3714 saepissime
994 3649 1146 3698 erroneae
1160 3639 1232 3700 sunt
1247 3639 1280 3694 et
1293 3627 1376 3695 baud

332 3753 404 3799 raro
416 3736 682 3818 perturbationum
697 3737 729 3798 in
745 3738 918 3801 civitatibus
935 3753 1048 3800 causae
1063 3735 1162 3801 luere.
1238 3789 1241 3792 .

397 3841 536 3905 Libertas
551 3842 728 3904 necessitati
744 3842 925 3922 opponitur;
949 3839 1026 3902 haee
1042 3839 1137 3918 adest,
1159 3840 1186 3902 si
1203 3839 1276 3921 quid
1295 3838 1373 3904 adeo

332 3946 364 4007 vi
377 3964 413 4008 ao
425 3947 570 4028 potestati
580 3946 704 4009 alterius
715 3946 763 4008 rei
776 3946 947 4028 subjeetum
957 3951 1014 4024 est,
1030 3951 1074 4024 ut,
1089 3945 1210 4010 nonnisi
1225 3961 1267 4008 ex
1283 3945 1375 4027 hujus

333 4085 570 4096 ——...-.—....-

389 4155 414 4221 1)
432 4156 476 4209 Fr.
488 4156 513 4210 5.
527 4159 551 4221 fi.
567 4161 590 4209 1.
602 4157 635 4211 D.
648 4157 679 4208 ln
694 4159 726 4208 aa
740 4156 784 4222 (da
797 4156 929 4211 extraord.
943 4156 1040 4226 capud.
1127 4201 1131 4206 .
