<?xml version="1.0" encoding="UTF-8"?>
<!DOCTYPE html PUBLIC "-//W3C//DTD XHTML 1.0 Transitional//EN"
    "http://www.w3.org/TR/xhtml1/DTD/xhtml1-transitional.dtd">
<html xmlns="http://www.w3.org/1999/xhtml" xml:lang="en" lang="en">
 <head>
  <title>
</title>
<meta http-equiv="Content-Type" content="text/html;charset=utf-8" />
  <meta name='ocr-system' content='tesseract 3.04.00' />
  <meta name='ocr-capabilities' content='ocr_page ocr_carea ocr_par ocr_line ocrx_word'/>
</head>
<body>
  <div class='ocr_page' id='page_1' title='image "./philosophiaejur00warngoog_0105.png"; bbox 0 0 3109 5292; ppageno 0'>
   <div class='ocr_carea' id='block_1_1' title="bbox 609 785 1143 1030">
    <p class='ocr_par' dir='ltr' id='par_1_1' title="bbox 609 785 1143 1030">
     <span class='ocr_line' id='line_1_1' title="bbox 697 785 977 852; baseline 0.007 -2"><span class='ocrx_word' id='word_1_1' title='bbox 697 785 722 850; x_wconf 80' lang='lat' dir='ltr'><strong>a</strong></span> <span class='ocrx_word' id='word_1_2' title='bbox 743 786 757 850; x_wconf 90' lang='lat'>1</span> <span class='ocrx_word' id='word_1_3' title='bbox 779 786 803 850; x_wconf 86' lang='lat' dir='ltr'><strong>a</strong></span> <span class='ocrx_word' id='word_1_4' title='bbox 825 785 850 850; x_wconf 81' lang='lat' dir='ltr'><strong>c</strong></span> <span class='ocrx_word' id='word_1_5' title='bbox 872 785 900 850; x_wconf 83' lang='lat' dir='ltr'><strong>a</strong></span> <span class='ocrx_word' id='word_1_6' title='bbox 943 786 977 852; x_wconf 82' lang='lat' dir='ltr'><strong>ra</strong></span> 
     </span>
     <span class='ocr_line' id='line_1_2' title="bbox 609 919 1143 1030; baseline -0.006 -23"><span class='ocrx_word' id='word_1_7' title='bbox 609 923 786 1007; x_wconf 79' lang='lat' dir='ltr'><strong>lismonte</strong></span> <span class='ocrx_word' id='word_1_8' title='bbox 806 921 900 1029; x_wconf 86' lang='lat' dir='ltr'><strong>jurio</strong></span> <span class='ocrx_word' id='word_1_9' title='bbox 925 919 1066 1030; x_wconf 71' lang='lat' dir='ltr'><strong>ansati.</strong></span> <span class='ocrx_word' id='word_1_10' title='bbox 1141 941 1143 946; x_wconf 86' lang='lat'>·</span> 
     </span>
    </p>
   </div>
   <div class='ocr_carea' id='block_1_2' title="bbox 745 1144 748 1151">
    <p class='ocr_par' dir='ltr' id='par_1_2' title="bbox 745 1144 748 1151">
     <span class='ocr_line' id='line_1_3' title="bbox 745 1144 748 1151; baseline 0 0"><span class='ocrx_word' id='word_1_11' title='bbox 745 1144 748 1151; x_wconf 83' lang='grc' dir='ltr'><em>ι</em></span> 
     </span>
    </p>
   </div>
   <div class='ocr_carea' id='block_1_3' title="bbox 623 1231 1020 1454">
    <p class='ocr_par' dir='ltr' id='par_1_3' title="bbox 623 1231 1020 1454">
     <span class='ocr_line' id='line_1_4' title="bbox 623 1231 947 1306; baseline -0.003 -1"><span class='ocrx_word' id='word_1_12' title='bbox 623 1231 626 1238; x_wconf 83' lang='grc'><strong>’</strong></span> <span class='ocrx_word' id='word_1_13' title='bbox 730 1253 886 1306; x_wconf 73' lang='lat' dir='ltr'><strong>carum</strong></span> <span class='ocrx_word' id='word_1_14' title='bbox 912 1253 947 1304; x_wconf 89' lang='lat'><strong>1.</strong></span> 
     </span>
     <span class='ocr_line' id='line_1_5' title="bbox 659 1363 1020 1454; baseline 0.003 -19"><span class='ocrx_word' id='word_1_15' title='bbox 659 1363 703 1435; x_wconf 83' lang='lat' dir='ltr'><strong>lte</strong></span> <span class='ocrx_word' id='word_1_16' title='bbox 717 1363 790 1454; x_wconf 82' lang='lat' dir='ltr'><strong>jure</strong></span> <span class='ocrx_word' id='word_1_17' title='bbox 809 1381 1020 1454; x_wconf 75' lang='lat' dir='ltr'><strong>pecccatum.</strong></span> 
     </span>
    </p>
   </div>
   <div class='ocr_carea' id='block_1_4' title="bbox 248 1525 1371 4007">
    <p class='ocr_par' dir='ltr' id='par_1_4' title="bbox 248 1525 1358 1928">
     <span class='ocr_line' id='line_1_6' title="bbox 389 1525 1357 1616; baseline -0.001 -19"><span class='ocrx_word' id='word_1_18' title='bbox 389 1532 442 1598; x_wconf 75' lang='grc'><strong>70.</strong></span> <span class='ocrx_word' id='word_1_19' title='bbox 465 1534 625 1614; x_wconf 81' lang='lat' dir='ltr'><strong>Postquam</strong></span> <span class='ocrx_word' id='word_1_20' title='bbox 644 1534 676 1596; x_wconf 91' lang='lat' dir='ltr'><strong>iu</strong></span> <span class='ocrx_word' id='word_1_21' title='bbox 690 1535 853 1615; x_wconf 76' lang='lat' dir='ltr'><strong>superiore</strong></span> <span class='ocrx_word' id='word_1_22' title='bbox 872 1533 951 1596; x_wconf 91' lang='lat' dir='ltr'><strong>libro</strong></span> <span class='ocrx_word' id='word_1_23' title='bbox 972 1525 1097 1615; x_wconf 80' lang='lat' dir='ltr'><strong>dejuuti</strong></span> <span class='ocrx_word' id='word_1_24' title='bbox 1117 1551 1153 1598; x_wconf 86' lang='lat' dir='ltr'><strong>sc</strong></span> <span class='ocrx_word' id='word_1_25' title='bbox 1173 1535 1276 1616; x_wconf 73' lang='lat' dir='ltr'><strong>injucti</strong></span> <span class='ocrx_word' id='word_1_26' title='bbox 1290 1535 1357 1596; x_wconf 89' lang='lat' dir='ltr'><strong>ori·</strong></span> 
     </span>
     <span class='ocr_line' id='line_1_7' title="bbox 322 1637 1356 1722; baseline 0.005 -21"><span class='ocrx_word' id='word_1_27' title='bbox 322 1640 409 1722; x_wconf 78' lang='lat' dir='ltr'><strong>gine,</strong></span> <span class='ocrx_word' id='word_1_28' title='bbox 429 1639 460 1700; x_wconf 87' lang='lat' dir='ltr'><strong>ui</strong></span> <span class='ocrx_word' id='word_1_29' title='bbox 475 1645 507 1703; x_wconf 87' lang='lat' dir='ltr'><strong>et</strong></span> <span class='ocrx_word' id='word_1_30' title='bbox 521 1637 637 1715; x_wconf 77' lang='lat' dir='ltr'><strong>nocte,</strong></span> <span class='ocrx_word' id='word_1_31' title='bbox 657 1654 718 1701; x_wconf 87' lang='lat' dir='ltr'><strong>aec</strong></span> <span class='ocrx_word' id='word_1_32' title='bbox 738 1655 799 1700; x_wconf 89' lang='lat' dir='ltr'><strong>non</strong></span> <span class='ocrx_word' id='word_1_33' title='bbox 819 1637 858 1700; x_wconf 88' lang='lat' dir='ltr'><strong>de</strong></span> <span class='ocrx_word' id='word_1_34' title='bbox 874 1639 954 1720; x_wconf 85' lang='lat' dir='ltr'><strong>juris</strong></span> <span class='ocrx_word' id='word_1_35' title='bbox 975 1639 1092 1718; x_wconf 85' lang='lat' dir='ltr'><strong>causis,</strong></span> <span class='ocrx_word' id='word_1_36' title='bbox 1114 1637 1175 1702; x_wconf 81' lang='lat' dir='ltr'><strong>fine</strong></span> <span class='ocrx_word' id='word_1_37' title='bbox 1198 1645 1229 1702; x_wconf 90' lang='lat' dir='ltr'><strong>et</strong></span> <span class='ocrx_word' id='word_1_38' title='bbox 1247 1645 1356 1706; x_wconf 73' lang='lat' dir='ltr'><strong>mamre</strong></span> 
     </span>
     <span class='ocr_line' id='line_1_8' title="bbox 248 1730 1358 1824; baseline -0.002 -16"><span class='ocrx_word' id='word_1_39' title='bbox 248 1730 250 1733; x_wconf 33' lang='lat'><strong><em>¹</em></strong></span> <span class='ocrx_word' id='word_1_40' title='bbox 322 1741 561 1824; x_wconf 68' lang='lat' dir='ltr'><strong>disputavimus,</strong></span> <span class='ocrx_word' id='word_1_41' title='bbox 589 1759 719 1822; x_wconf 85' lang='lat' dir='ltr'><strong>quorum</strong></span> <span class='ocrx_word' id='word_1_42' title='bbox 748 1741 880 1806; x_wconf 88' lang='lat' dir='ltr'><strong>omnium</strong></span> <span class='ocrx_word' id='word_1_43' title='bbox 906 1759 1072 1822; x_wconf 85' lang='lat' dir='ltr'><strong>summam,</strong></span> <span class='ocrx_word' id='word_1_44' title='bbox 1104 1742 1358 1806; x_wconf 83' lang='lat' dir='ltr'><strong>sobolusticorum</strong></span> 
     </span>
     <span class='ocr_line' id='line_1_9' title="bbox 321 1846 1358 1928; baseline -0.005 -17"><span class='ocrx_word' id='word_1_45' title='bbox 321 1847 430 1911; x_wconf 78' lang='lat' dir='ltr'><strong>uerbis</strong></span> <span class='ocrx_word' id='word_1_46' title='bbox 446 1853 584 1924; x_wconf 85' lang='lat' dir='ltr'><strong>utentes,</strong></span> <span class='ocrx_word' id='word_1_47' title='bbox 610 1848 877 1919; x_wconf 72' lang='lat' dir='ltr'><strong>frotdcmentulem</strong></span> <span class='ocrx_word' id='word_1_48' title='bbox 890 1847 978 1919; x_wconf 72' lang='lat' dir='ltr'><strong>juris</strong></span> <span class='ocrx_word' id='word_1_49' title='bbox 999 1847 1179 1908; x_wconf 82' lang='lat' dir='ltr'><strong>doctricem</strong></span> <span class='ocrx_word' id='word_1_50' title='bbox 1203 1846 1358 1928; x_wconf 80' lang='lat' dir='ltr'><strong>appellare</strong></span> 
     </span>
    </p>

    <p class='ocr_par' dir='ltr' id='par_1_5' title="bbox 305 1949 1359 3072">
     <span class='ocr_line' id='line_1_10' title="bbox 322 1949 1357 2035; baseline -0.007 -18"><span class='ocrx_word' id='word_1_51' title='bbox 322 1966 495 2034; x_wconf 60' lang='lat' dir='ltr'><strong>pennatus,</strong></span> <span class='ocrx_word' id='word_1_52' title='bbox 511 1953 542 2014; x_wconf 88' lang='lat' dir='ltr'><strong>ia</strong></span> <span class='ocrx_word' id='word_1_53' title='bbox 557 1968 597 2014; x_wconf 87' lang='lat' dir='ltr'><strong>eo</strong></span> <span class='ocrx_word' id='word_1_54' title='bbox 612 1959 675 2030; x_wconf 88' lang='lat' dir='ltr'><strong>est,</strong></span> <span class='ocrx_word' id='word_1_55' title='bbox 693 1959 728 2015; x_wconf 94' lang='lat' dir='ltr'><strong>ut</strong></span> <span class='ocrx_word' id='word_1_56' title='bbox 742 1951 879 2035; x_wconf 81' lang='lat' dir='ltr'><strong>singulas</strong></span> <span class='ocrx_word' id='word_1_57' title='bbox 890 1951 969 2032; x_wconf 86' lang='lat' dir='ltr'><strong>juris</strong></span> <span class='ocrx_word' id='word_1_58' title='bbox 985 1957 1103 2030; x_wconf 85' lang='lat' dir='ltr'><strong>partes,</strong></span> <span class='ocrx_word' id='word_1_59' title='bbox 1126 1950 1144 2012; x_wconf 84' lang='lat' dir='ltr'><strong>i</strong></span> <span class='ocrx_word' id='word_1_60' title='bbox 1161 1967 1187 2012; x_wconf 89' lang='lat' dir='ltr'><strong>s.</strong></span> <span class='ocrx_word' id='word_1_61' title='bbox 1202 1957 1235 2012; x_wconf 88' lang='lat' dir='ltr'><strong>ut</strong></span> <span class='ocrx_word' id='word_1_62' title='bbox 1250 1949 1357 2030; x_wconf 81' lang='lat' dir='ltr'><strong>priva·</strong></span> 
     </span>
     <span class='ocr_line' id='line_1_11' title="bbox 323 2053 1358 2138; baseline -0.004 -19"><span class='ocrx_word' id='word_1_63' title='bbox 323 2065 396 2134; x_wconf 89' lang='lat' dir='ltr'><strong>tum,</strong></span> <span class='ocrx_word' id='word_1_64' title='bbox 411 2055 610 2138; x_wconf 87' lang='lat' dir='ltr'><strong>publicum-et</strong></span> <span class='ocrx_word' id='word_1_65' title='bbox 621 2055 703 2135; x_wconf 83' lang='lat' dir='ltr'><strong>quod</strong></span> <span class='ocrx_word' id='word_1_66' title='bbox 716 2053 945 2118; x_wconf 81' lang='lat' dir='ltr'><strong>internatiomrle</strong></span> <span class='ocrx_word' id='word_1_67' title='bbox 956 2053 1046 2116; x_wconf 90' lang='lat' dir='ltr'><strong>hodie</strong></span> <span class='ocrx_word' id='word_1_68' title='bbox 1055 2055 1107 2136; x_wconf 68' lang='lat' dir='ltr'><strong>jus</strong></span> <span class='ocrx_word' id='word_1_69' title='bbox 1119 2061 1241 2133; x_wconf 84' lang='lat' dir='ltr'><strong>vocant,</strong></span> <span class='ocrx_word' id='word_1_70' title='bbox 1249 2053 1358 2135; x_wconf 78' lang='lat' dir='ltr'><strong>philo·</strong></span> 
     </span>
     <span class='ocr_line' id='line_1_12' title="bbox 322 2157 1358 2242; baseline -0.004 -18"><span class='ocrx_word' id='word_1_71' title='bbox 322 2160 460 2242; x_wconf 75' lang='lat' dir='ltr'><strong>ospitium</strong></span> <span class='ocrx_word' id='word_1_72' title='bbox 474 2159 617 2240; x_wconf 81' lang='lat' dir='ltr'><strong>optiuuatu</strong></span> <span class='ocrx_word' id='word_1_73' title='bbox 631 2157 744 2222; x_wconf 86' lang='lat' dir='ltr'><strong>ducem</strong></span> <span class='ocrx_word' id='word_1_74' title='bbox 758 2163 933 2237; x_wconf 70' lang='lat' dir='ltr'>sequentes,</span> <span class='ocrx_word' id='word_1_75' title='bbox 949 2157 1145 2222; x_wconf 77' lang='lat' dir='ltr'><strong>illustremus.</strong></span> <span class='ocrx_word' id='word_1_76' title='bbox 1182 2158 1216 2220; x_wconf 89' lang='lat' dir='ltr'><strong>ln</strong></span> <span class='ocrx_word' id='word_1_77' title='bbox 1232 2177 1291 2240; x_wconf 90' lang='lat' dir='ltr'><strong>qua</strong></span> <span class='ocrx_word' id='word_1_78' title='bbox 1307 2159 1358 2220; x_wconf 73' lang='lat' dir='ltr'><strong>im</strong></span> 
     </span>
     <span class='ocr_line' id='line_1_13' title="bbox 322 2261 1358 2346; baseline -0.002 -20"><span class='ocrx_word' id='word_1_79' title='bbox 322 2263 489 2346; x_wconf 70' lang='lat' dir='ltr'><strong>dagoberte</strong></span> <span class='ocrx_word' id='word_1_80' title='bbox 516 2269 672 2342; x_wconf 77' lang='lat' dir='ltr'><strong>receptam</strong></span> <span class='ocrx_word' id='word_1_81' title='bbox 696 2280 714 2323; x_wconf 87' lang='lat' dir='ltr'><strong>a</strong></span> <span class='ocrx_word' id='word_1_82' title='bbox 742 2262 846 2341; x_wconf 89' lang='lat' dir='ltr'><strong>nobis,</strong></span> <span class='ocrx_word' id='word_1_83' title='bbox 881 2262 1055 2326; x_wconf 81' lang='lat' dir='ltr'><strong>universam</strong></span> <span class='ocrx_word' id='word_1_84' title='bbox 1082 2262 1161 2328; x_wconf 85' lang='lat' dir='ltr'><strong>banc</strong></span> <span class='ocrx_word' id='word_1_85' title='bbox 1190 2261 1358 2324; x_wconf 84' lang='lat' dir='ltr'><strong>doctrinam</strong></span> 
     </span>
     <span class='ocr_line' id='line_1_14' title="bbox 320 2365 1357 2446; baseline -0.004 -16"><span class='ocrx_word' id='word_1_86' title='bbox 320 2365 470 2430; x_wconf 72' lang='lat' dir='ltr'><strong>truetmmi</strong></span> <span class='ocrx_word' id='word_1_87' title='bbox 484 2368 632 2428; x_wconf 85' lang='lat' dir='ltr'><strong>rationem</strong></span> <span class='ocrx_word' id='word_1_88' title='bbox 646 2366 866 2444; x_wconf 70' lang='lat' dir='ltr'><strong>observantes,</strong></span> <span class='ocrx_word' id='word_1_89' title='bbox 881 2365 1036 2430; x_wconf 86' lang='lat' dir='ltr'><strong>videamus</strong></span> <span class='ocrx_word' id='word_1_90' title='bbox 1051 2383 1108 2429; x_wconf 89' lang='lat' dir='ltr'><strong>nos</strong></span> <span class='ocrx_word' id='word_1_91' title='bbox 1124 2373 1263 2446; x_wconf 84' lang='lat' dir='ltr'><strong>oportet,</strong></span> <span class='ocrx_word' id='word_1_92' title='bbox 1279 2382 1357 2446; x_wconf 82' lang='lat' dir='ltr'><strong>quae</strong></span> 
     </span>
     <span class='ocr_line' id='line_1_15' title="bbox 321 2469 1357 2551; baseline -0.006 -17"><span class='ocrx_word' id='word_1_93' title='bbox 321 2471 353 2534; x_wconf 90' lang='lat' dir='ltr'><strong>in</strong></span> <span class='ocrx_word' id='word_1_94' title='bbox 367 2470 506 2534; x_wconf 85' lang='lat' dir='ltr'><strong>omnibus</strong></span> <span class='ocrx_word' id='word_1_95' title='bbox 525 2470 613 2534; x_wconf 86' lang='lat' dir='ltr'><strong>bisce</strong></span> <span class='ocrx_word' id='word_1_96' title='bbox 633 2470 781 2534; x_wconf 71' lang='lat' dir='ltr'><strong>sciendae</strong></span> <span class='ocrx_word' id='word_1_97' title='bbox 800 2469 950 2551; x_wconf 86' lang='lat' dir='ltr'><strong>partibus,</strong></span> <span class='ocrx_word' id='word_1_98' title='bbox 972 2470 1169 2532; x_wconf 81' lang='lat' dir='ltr'><strong>necessariae</strong></span> <span class='ocrx_word' id='word_1_99' title='bbox 1189 2476 1224 2532; x_wconf 89' lang='lat' dir='ltr'><strong>et</strong></span> <span class='ocrx_word' id='word_1_100' title='bbox 1240 2485 1357 2550; x_wconf 56' lang='lat' dir='ltr'><strong>perpoe</strong></span> 
     </span>
     <span class='ocr_line' id='line_1_16' title="bbox 305 2572 1358 2663; baseline -0.004 -25"><span class='ocrx_word' id='word_1_101' title='bbox 305 2582 394 2663; x_wconf 87' lang='lat' dir='ltr'><strong>tuae</strong></span> <span class='ocrx_word' id='word_1_102' title='bbox 412 2574 492 2655; x_wconf 83' lang='lat' dir='ltr'><strong>juris</strong></span> <span class='ocrx_word' id='word_1_103' title='bbox 514 2574 731 2638; x_wconf 79' lang='lat' dir='ltr'><strong>msumucnum</strong></span> <span class='ocrx_word' id='word_1_104' title='bbox 752 2573 826 2638; x_wconf 71' lang='lat' dir='ltr'><strong>iacti</strong></span> <span class='ocrx_word' id='word_1_105' title='bbox 848 2572 1053 2652; x_wconf 85' lang='lat' dir='ltr'><strong>conditiones,</strong></span> <span class='ocrx_word' id='word_1_106' title='bbox 1079 2591 1158 2654; x_wconf 82' lang='lat' dir='ltr'><strong>queo</strong></span> <span class='ocrx_word' id='word_1_107' title='bbox 1180 2572 1358 2637; x_wconf 86' lang='lat' dir='ltr'><strong>necessaria</strong></span> 
     </span>
     <span class='ocr_line' id='line_1_17' title="bbox 321 2677 1359 2761; baseline -0.004 -19"><span class='ocrx_word' id='word_1_108' title='bbox 321 2687 374 2742; x_wconf 86' lang='lat' dir='ltr'><strong>aut</strong></span> <span class='ocrx_word' id='word_1_109' title='bbox 388 2678 509 2742; x_wconf 77' lang='lat' dir='ltr'><strong>ditem</strong></span> <span class='ocrx_word' id='word_1_110' title='bbox 525 2697 630 2742; x_wconf 89' lang='lat' dir='ltr'><strong>earum</strong></span> <span class='ocrx_word' id='word_1_111' title='bbox 651 2677 912 2761; x_wconf 80' lang='lat' dir='ltr'><strong>dijudicandurum</strong></span> <span class='ocrx_word' id='word_1_112' title='bbox 933 2684 967 2740; x_wconf 90' lang='lat' dir='ltr'><strong>et</strong></span> <span class='ocrx_word' id='word_1_113' title='bbox 979 2677 1212 2744; x_wconf 87' lang='lat' dir='ltr'><strong>ordinandarum</strong></span> <span class='ocrx_word' id='word_1_114' title='bbox 1232 2677 1359 2739; x_wconf 85' lang='lat' dir='ltr'><strong>ratioet</strong></span> 
     </span>
     <span class='ocr_line' id='line_1_18' title="bbox 322 2781 1358 2865; baseline -0.002 -19"><span class='ocrx_word' id='word_1_115' title='bbox 322 2783 446 2862; x_wconf 83' lang='lat' dir='ltr'><strong>modus,</strong></span> <span class='ocrx_word' id='word_1_116' title='bbox 470 2790 502 2846; x_wconf 87' lang='lat' dir='ltr'><strong>et</strong></span> <span class='ocrx_word' id='word_1_117' title='bbox 522 2781 770 2864; x_wconf 84' lang='lat' dir='ltr'><strong>quemadmodum</strong></span> <span class='ocrx_word' id='word_1_118' title='bbox 795 2781 872 2844; x_wconf 85' lang='lat' dir='ltr'><strong>effici</strong></span> <span class='ocrx_word' id='word_1_119' title='bbox 894 2782 1007 2862; x_wconf 83' lang='lat' dir='ltr'><strong>possit,</strong></span> <span class='ocrx_word' id='word_1_120' title='bbox 1028 2789 1065 2844; x_wconf 90' lang='lat' dir='ltr'><strong>ut</strong></span> <span class='ocrx_word' id='word_1_121' title='bbox 1081 2783 1151 2865; x_wconf 84' lang='lat' dir='ltr'><strong>jura</strong></span> <span class='ocrx_word' id='word_1_122' title='bbox 1176 2781 1358 2864; x_wconf 82' lang='lat' dir='ltr'><strong>populorum</strong></span> 
     </span>
     <span class='ocr_line' id='line_1_19' title="bbox 321 2883 1358 2970; baseline -0.002 -20"><span class='ocrx_word' id='word_1_123' title='bbox 321 2889 419 2970; x_wconf 73' lang='lat' dir='ltr'><strong>mugio</strong></span> <span class='ocrx_word' id='word_1_124' title='bbox 439 2888 598 2970; x_wconf 76' lang='lat' dir='ltr'><strong>magisque</strong></span> <span class='ocrx_word' id='word_1_125' title='bbox 618 2885 820 2950; x_wconf 85' lang='lat' dir='ltr'><strong>emendentur</strong></span> <span class='ocrx_word' id='word_1_126' title='bbox 840 2884 1087 2967; x_wconf 74' lang='lat' dir='ltr'><strong>perfectioraque</strong></span> <span class='ocrx_word' id='word_1_127' title='bbox 1109 2885 1283 2950; x_wconf 85' lang='lat' dir='ltr'><strong>redduntur.</strong></span> <span class='ocrx_word' id='word_1_128' title='bbox 1321 2883 1358 2948; x_wconf 79' lang='lat' dir='ltr'><strong>lit</strong></span> 
     </span>
     <span class='ocr_line' id='line_1_20' title="bbox 322 2989 1018 3072; baseline -0.006 -18"><span class='ocrx_word' id='word_1_129' title='bbox 322 2993 449 3072; x_wconf 78' lang='lat' dir='ltr'><strong>primum</strong></span> <span class='ocrx_word' id='word_1_130' title='bbox 463 2990 586 3070; x_wconf 82' lang='lat' dir='ltr'><strong>quidem</strong></span> <span class='ocrx_word' id='word_1_131' title='bbox 600 2989 640 3051; x_wconf 88' lang='lat' dir='ltr'><strong>de</strong></span> <span class='ocrx_word' id='word_1_132' title='bbox 652 2991 724 3070; x_wconf 86' lang='lat' dir='ltr'><strong>jure</strong></span> <span class='ocrx_word' id='word_1_133' title='bbox 738 2991 859 3070; x_wconf 81' lang='lat' dir='ltr'><strong>privato</strong></span> <span class='ocrx_word' id='word_1_134' title='bbox 874 2990 1018 3054; x_wconf 86' lang='lat' dir='ltr'><strong>dicamus.</strong></span> 
     </span>
    </p>

    <p class='ocr_par' dir='ltr' id='par_1_6' title="bbox 269 3093 1371 4007">
     <span class='ocr_line' id='line_1_21' title="bbox 269 3093 1356 3178; baseline -0.005 -18"><span class='ocrx_word' id='word_1_135' title='bbox 269 3151 273 3160; x_wconf 85' lang='grc'><em>,</em></span> <span class='ocrx_word' id='word_1_136' title='bbox 389 3094 443 3156; x_wconf 77' lang='lat' dir='ltr'><strong>ll.</strong></span> <span class='ocrx_word' id='word_1_137' title='bbox 464 3093 587 3156; x_wconf 71' lang='lat' dir='ltr'><strong>eonem</strong></span> <span class='ocrx_word' id='word_1_138' title='bbox 602 3095 652 3176; x_wconf 77' lang='lat' dir='ltr'><strong>jus</strong></span> <span class='ocrx_word' id='word_1_139' title='bbox 672 3095 823 3175; x_wconf 83' lang='lat' dir='ltr'><strong>privatum</strong></span> <span class='ocrx_word' id='word_1_140' title='bbox 844 3095 881 3158; x_wconf 90' lang='lat' dir='ltr'><strong>iis</strong></span> <span class='ocrx_word' id='word_1_141' title='bbox 899 3095 979 3178; x_wconf 84' lang='lat' dir='ltr'><strong>juris</strong></span> <span class='ocrx_word' id='word_1_142' title='bbox 1002 3095 1131 3172; x_wconf 87' lang='lat' dir='ltr'><strong>normis,</strong></span> <span class='ocrx_word' id='word_1_143' title='bbox 1152 3093 1260 3175; x_wconf 85' lang='lat' dir='ltr'><strong>quibus</strong></span> <span class='ocrx_word' id='word_1_144' title='bbox 1275 3093 1356 3176; x_wconf 87' lang='lat' dir='ltr'><strong>juris</strong></span> 
     </span>
     <span class='ocr_line' id='line_1_22' title="bbox 323 3197 1358 3280; baseline -0.001 -19"><span class='ocrx_word' id='word_1_145' title='bbox 323 3197 565 3262; x_wconf 85' lang='lat' dir='ltr'><strong>necessitudines</strong></span> <span class='ocrx_word' id='word_1_146' title='bbox 579 3198 660 3260; x_wconf 86' lang='lat' dir='ltr'><strong>inter</strong></span> <span class='ocrx_word' id='word_1_147' title='bbox 674 3199 813 3280; x_wconf 74' lang='lat' dir='ltr'><strong>singulm</strong></span> <span class='ocrx_word' id='word_1_148' title='bbox 827 3199 964 3262; x_wconf 86' lang='lat' dir='ltr'><strong>homines</strong></span> <span class='ocrx_word' id='word_1_149' title='bbox 979 3199 1181 3268; x_wconf 78' lang='lat' dir='ltr'><strong>consistentes</strong></span> <span class='ocrx_word' id='word_1_150' title='bbox 1196 3205 1358 3280; x_wconf 64' lang='lat' dir='ltr'><strong>regmine,</strong></span> 
     </span>
     <span class='ocr_line' id='line_1_23' title="bbox 324 3301 1357 3385; baseline -0.002 -20"><span class='ocrx_word' id='word_1_151' title='bbox 324 3311 357 3365; x_wconf 89' lang='lat' dir='ltr'><strong>et</strong></span> <span class='ocrx_word' id='word_1_152' title='bbox 378 3304 450 3385; x_wconf 87' lang='lat' dir='ltr'><strong>jura</strong></span> <span class='ocrx_word' id='word_1_153' title='bbox 473 3301 581 3364; x_wconf 88' lang='lat' dir='ltr'><strong>iisdem</strong></span> <span class='ocrx_word' id='word_1_154' title='bbox 607 3308 755 3382; x_wconf 86' lang='lat' dir='ltr'><strong>tamquam</strong></span> <span class='ocrx_word' id='word_1_155' title='bbox 783 3304 910 3383; x_wconf 84' lang='lat' dir='ltr'><strong>privatis</strong></span> <span class='ocrx_word' id='word_1_156' title='bbox 939 3303 1141 3384; x_wconf 87' lang='lat' dir='ltr'><strong>competentia</strong></span> <span class='ocrx_word' id='word_1_157' title='bbox 1166 3301 1357 3364; x_wconf 85' lang='lat' dir='ltr'><strong>deliniuntur.</strong></span> 
     </span>
     <span class='ocr_line' id='line_1_24' title="bbox 324 3405 1357 3488; baseline -0.004 -18"><span class='ocrx_word' id='word_1_158' title='bbox 324 3408 460 3470; x_wconf 84' lang='lat' dir='ltr'><strong>Pertinet</strong></span> <span class='ocrx_word' id='word_1_159' title='bbox 481 3406 575 3488; x_wconf 78' lang='lat' dir='ltr'><strong>igitur</strong></span> <span class='ocrx_word' id='word_1_160' title='bbox 597 3405 655 3467; x_wconf 89' lang='lat' dir='ltr'><strong>boo</strong></span> <span class='ocrx_word' id='word_1_161' title='bbox 673 3407 726 3488; x_wconf 88' lang='lat' dir='ltr'><strong>jus</strong></span> <span class='ocrx_word' id='word_1_162' title='bbox 751 3407 789 3470; x_wconf 90' lang='lat' dir='ltr'><strong>ad</strong></span> <span class='ocrx_word' id='word_1_163' title='bbox 813 3425 918 3470; x_wconf 89' lang='lat' dir='ltr'><strong>omnes</strong></span> <span class='ocrx_word' id='word_1_164' title='bbox 945 3408 1026 3469; x_wconf 85' lang='lat' dir='ltr'><strong>vitae</strong></span> <span class='ocrx_word' id='word_1_165' title='bbox 1053 3409 1189 3488; x_wconf 79' lang='lat' dir='ltr'><strong>priuatae</strong></span> <span class='ocrx_word' id='word_1_166' title='bbox 1211 3407 1357 3482; x_wconf 84' lang='lat' dir='ltr'><strong>rationes,</strong></span> 
     </span>
     <span class='ocr_line' id='line_1_25' title="bbox 323 3509 1358 3593; baseline -0.001 -18"><span class='ocrx_word' id='word_1_167' title='bbox 323 3529 417 3593; x_wconf 86' lang='lat' dir='ltr'><strong>quse,</strong></span> <span class='ocrx_word' id='word_1_168' title='bbox 438 3518 579 3590; x_wconf 86' lang='lat' dir='ltr'><strong>utsupra</strong></span> <span class='ocrx_word' id='word_1_169' title='bbox 598 3510 661 3592; x_wconf 91' lang='lat' dir='ltr'><strong>jam</strong></span> <span class='ocrx_word' id='word_1_170' title='bbox 676 3514 726 3584; x_wconf 74' lang='grc' dir='ltr'><strong>(ς.</strong></span> <span class='ocrx_word' id='word_1_171' title='bbox 742 3509 812 3586; x_wconf 85' lang='grc'>59,)</span> <span class='ocrx_word' id='word_1_172' title='bbox 835 3511 981 3589; x_wconf 82' lang='lat' dir='ltr'><strong>diximus,</strong></span> <span class='ocrx_word' id='word_1_173' title='bbox 1005 3519 1056 3574; x_wconf 91' lang='lat' dir='ltr'><strong>aut</strong></span> <span class='ocrx_word' id='word_1_174' title='bbox 1075 3512 1106 3572; x_wconf 90' lang='lat' dir='ltr'><strong>in</strong></span> <span class='ocrx_word' id='word_1_175' title='bbox 1125 3509 1214 3573; x_wconf 89' lang='lat' dir='ltr'><strong>bonis</strong></span> <span class='ocrx_word' id='word_1_176' title='bbox 1230 3529 1358 3593; x_wconf 87' lang='lat' dir='ltr'><strong>compa·</strong></span> 
     </span>
     <span class='ocr_line' id='line_1_26' title="bbox 323 3593 1363 3692; baseline 0 -16"><span class='ocrx_word' id='word_1_177' title='bbox 323 3613 425 3678; x_wconf 85' lang='lat' dir='ltr'><strong>randis</strong></span> <span class='ocrx_word' id='word_1_178' title='bbox 448 3614 515 3677; x_wconf 84' lang='lat' dir='ltr'><strong>sive</strong></span> <span class='ocrx_word' id='word_1_179' title='bbox 541 3615 734 3676; x_wconf 88' lang='lat' dir='ltr'><strong>commerciis</strong></span> <span class='ocrx_word' id='word_1_180' title='bbox 762 3621 917 3692; x_wconf 86' lang='lat' dir='ltr'><strong>constant,</strong></span> <span class='ocrx_word' id='word_1_181' title='bbox 947 3615 1051 3677; x_wconf 87' lang='lat' dir='ltr'><strong>autin</strong></span> <span class='ocrx_word' id='word_1_182' title='bbox 1075 3613 1255 3678; x_wconf 77' lang='lat' dir='ltr'><strong>familiarum</strong></span> <span class='ocrx_word' id='word_1_183' title='bbox 1280 3593 1363 3678; x_wconf 62' lang='lat' dir='ltr'><strong>con-&#39;</strong></span> 
     </span>
     <span class='ocr_line' id='line_1_27' title="bbox 319 3717 1371 3801; baseline 0 -20"><span class='ocrx_word' id='word_1_184' title='bbox 319 3718 539 3801; x_wconf 85' lang='lat' dir='ltr'><strong>junctionibus,</strong></span> <span class='ocrx_word' id='word_1_185' title='bbox 554 3717 610 3780; x_wconf 89' lang='lat' dir='ltr'><strong>sed</strong></span> <span class='ocrx_word' id='word_1_186' title='bbox 623 3734 860 3799; x_wconf 84' lang='lat' dir='ltr'><strong>quaenunqmm</strong></span> <span class='ocrx_word' id='word_1_187' title='bbox 873 3719 1022 3781; x_wconf 87' lang='lat' dir='ltr'><strong>nisiinter</strong></span> <span class='ocrx_word' id='word_1_188' title='bbox 1035 3736 1089 3782; x_wconf 89' lang='lat' dir='ltr'><strong>eos</strong></span> <span class='ocrx_word' id='word_1_189' title='bbox 1104 3719 1242 3782; x_wconf 89' lang='lat' dir='ltr'><strong>homines</strong></span> <span class='ocrx_word' id='word_1_190' title='bbox 1258 3721 1371 3789; x_wconf 80' lang='lat' dir='ltr'><strong>inter-¹</strong></span> 
     </span>
     <span class='ocr_line' id='line_1_28' title="bbox 323 3821 1357 3903; baseline -0.001 -19"><span class='ocrx_word' id='word_1_191' title='bbox 323 3823 445 3901; x_wconf 90' lang='lat' dir='ltr'><strong>cedunt,</strong></span> <span class='ocrx_word' id='word_1_192' title='bbox 460 3823 542 3884; x_wconf 89' lang='lat' dir='ltr'><strong>inter</strong></span> <span class='ocrx_word' id='word_1_193' title='bbox 556 3838 634 3902; x_wconf 85' lang='lat' dir='ltr'><strong>quos</strong></span> <span class='ocrx_word' id='word_1_194' title='bbox 648 3821 699 3883; x_wconf 90' lang='lat' dir='ltr'><strong>illu</strong></span> <span class='ocrx_word' id='word_1_195' title='bbox 715 3830 763 3884; x_wconf 91' lang='lat' dir='ltr'><strong>est</strong></span> <span class='ocrx_word' id='word_1_196' title='bbox 776 3822 994 3886; x_wconf 87' lang='lat' dir='ltr'><strong>communitatis</strong></span> <span class='ocrx_word' id='word_1_197' title='bbox 1011 3823 1195 3900; x_wconf 86' lang='lat' dir='ltr'><strong>constitutio,</strong></span> <span class='ocrx_word' id='word_1_198' title='bbox 1211 3840 1271 3903; x_wconf 84' lang='lat' dir='ltr'><strong>que</strong></span> <span class='ocrx_word' id='word_1_199' title='bbox 1285 3822 1357 3885; x_wconf 82' lang='lat' dir='ltr'><strong>uni·</strong></span> 
     </span>
     <span class='ocr_line' id='line_1_29' title="bbox 324 3924 1357 4007; baseline 0.003 -20"><span class='ocrx_word' id='word_1_200' title='bbox 324 3926 435 4005; x_wconf 87' lang='lat' dir='ltr'><strong>cuique</strong></span> <span class='ocrx_word' id='word_1_201' title='bbox 450 3926 551 4006; x_wconf 87' lang='lat' dir='ltr'><strong>aliqua</strong></span> <span class='ocrx_word' id='word_1_202' title='bbox 564 3926 711 3990; x_wconf 81' lang='lat' dir='ltr'><strong>libertatis</strong></span> <span class='ocrx_word' id='word_1_203' title='bbox 724 3932 872 3988; x_wconf 81' lang='lat' dir='ltr'><strong>externae</strong></span> <span class='ocrx_word' id='word_1_204' title='bbox 885 3925 1042 4007; x_wconf 82' lang='lat' dir='ltr'><strong>provincia</strong></span> <span class='ocrx_word' id='word_1_205' title='bbox 1057 3924 1235 3988; x_wconf 78' lang='lat' dir='ltr'><strong>conceditur</strong></span> <span class='ocrx_word' id='word_1_206' title='bbox 1251 3933 1282 3988; x_wconf 89' lang='lat' dir='ltr'><strong>et</strong></span> <span class='ocrx_word' id='word_1_207' title='bbox 1297 3943 1357 4007; x_wconf 85' lang='lat' dir='ltr'><strong>qua</strong></span> 
     </span>
    </p>
   </div>
   <div class='ocr_carea' id='block_1_5' title="bbox 188 4027 1357 4114">
    <p class='ocr_par' dir='ltr' id='par_1_7' title="bbox 188 4027 1357 4114">
     <span class='ocr_line' id='line_1_30' title="bbox 188 4027 1357 4114; baseline 0.002 -23"><span class='ocrx_word' id='word_1_208' title='bbox 188 4110 192 4114; x_wconf 12' lang='grc' dir='ltr'><strong>Α</strong></span> <span class='ocrx_word' id='word_1_209' title='bbox 324 4029 452 4092; x_wconf 77' lang='lat' dir='ltr'><strong>efficitur</strong></span> <span class='ocrx_word' id='word_1_210' title='bbox 466 4037 499 4092; x_wconf 92' lang='lat' dir='ltr'><strong>ut</strong></span> <span class='ocrx_word' id='word_1_211' title='bbox 512 4031 533 4092; x_wconf 90' lang='lat' dir='ltr'><strong>ii</strong></span> <span class='ocrx_word' id='word_1_212' title='bbox 547 4047 705 4107; x_wconf 71' lang='lat' dir='ltr'><strong>pmaonac</strong></span> <span class='ocrx_word' id='word_1_213' title='bbox 719 4029 831 4112; x_wconf 84' lang='lat' dir='ltr'><strong>injme</strong></span> <span class='ocrx_word' id='word_1_214' title='bbox 847 4027 995 4091; x_wconf 85' lang='lat' dir='ltr'><strong>dicantur.</strong></span> <span class='ocrx_word' id='word_1_215' title='bbox 1021 4027 1094 4090; x_wconf 84' lang='lat' dir='ltr'><strong>lude</strong></span> <span class='ocrx_word' id='word_1_216' title='bbox 1105 4028 1186 4110; x_wconf 78' lang='lat' dir='ltr'><strong>Juris</strong></span> <span class='ocrx_word' id='word_1_217' title='bbox 1201 4030 1311 4110; x_wconf 85' lang='lat' dir='ltr'><strong>privati</strong></span> <span class='ocrx_word' id='word_1_218' title='bbox 1327 4031 1357 4092; x_wconf 91' lang='lat' dir='ltr'><strong>in</strong></span> 
     </span>
    </p>
   </div>
   <div class='ocr_carea' id='block_1_6' title="bbox 324 4131 1357 4217">
    <p class='ocr_par' dir='ltr' id='par_1_8' title="bbox 324 4131 1357 4217">
     <span class='ocr_line' id='line_1_31' title="bbox 324 4131 1357 4217; baseline 0.002 -20"><span class='ocrx_word' id='word_1_219' title='bbox 324 4133 381 4197; x_wconf 88' lang='lat' dir='ltr'><strong>tria</strong></span> <span class='ocrx_word' id='word_1_220' title='bbox 396 4134 494 4215; x_wconf 86' lang='lat' dir='ltr'><strong>capite</strong></span> <span class='ocrx_word' id='word_1_221' title='bbox 508 4133 643 4217; x_wconf 76' lang='lat' dir='ltr'><strong>pertitio,</strong></span> <span class='ocrx_word' id='word_1_222' title='bbox 658 4131 696 4195; x_wconf 90' lang='lat' dir='ltr'><strong>de</strong></span> <span class='ocrx_word' id='word_1_223' title='bbox 705 4134 782 4206; x_wconf 75' lang='lat' dir='ltr'><strong>iare</strong></span> <span class='ocrx_word' id='word_1_224' title='bbox 795 4151 1016 4212; x_wconf 62' lang='lat' dir='ltr'><strong>pesonarum,</strong></span> <span class='ocrx_word' id='word_1_225' title='bbox 1038 4131 1077 4198; x_wconf 89' lang='lat' dir='ltr'><strong>de</strong></span> <span class='ocrx_word' id='word_1_226' title='bbox 1087 4135 1161 4206; x_wconf 72' lang='lat' dir='ltr'><strong>lore</strong></span> <span class='ocrx_word' id='word_1_227' title='bbox 1176 4151 1285 4194; x_wconf 83' lang='lat' dir='ltr'><strong>rerum</strong></span> <span class='ocrx_word' id='word_1_228' title='bbox 1300 4140 1357 4199; x_wconf 73' lang='lat' dir='ltr'><strong>utut</strong></span> 
     </span>
    </p>
   </div>
   <div class='ocr_carea' id='block_1_7' title="bbox 0 0 1560 5292">
    <p class='ocr_par' dir='ltr' id='par_1_9' title="bbox 0 0 1560 5292">
     <span class='ocr_line' id='line_1_32' title="bbox 0 0 1560 5292; baseline 0 0"><span class='ocrx_word' id='word_1_229' title='bbox 0 0 1560 5292; x_wconf 95' lang='lat' dir='ltr'><strong> </strong></span> 
     </span>
    </p>
   </div>
  </div>
 </body>
</html>
