3109 5292
814 559 888 630 lid*

327 749 418 808 estas
440 741 577 824 Ubopue
591 741 672 806 euim
685 741 718 806 ia
732 757 808 806 casu
822 739 905 809 nulla
914 739 1025 808 adesse
1038 741 1148 806 civitas
1161 741 1299 810 videtu:
1309 743 1370 810 sada

326 846 490 931 tyrauuide
509 847 576 912 siva
592 848 681 930 rogia
695 847 764 911 sive
779 847 953 928 optimatum
969 847 1037 914 aive
1052 846 1195 930 populoi
1210 867 1301 915 acuo
1316 850 1371 928 ia·

327 953 467 1030 columis,
482 960 514 1015 ct
527 952 579 1016 ubi
595 951 684 1017 deest
697 951 872 1034 imperium,
893 951 995 1016 nullus
1010 952 1041 1014 io
1052 953 1123 1034 jura
1139 970 1197 1016 sao
1212 961 1369 1020 tutusast

326 1054 402 1120 Cum
416 1063 527 1120 aeuba
547 1055 737 1138 reipublicae
756 1055 934 1136 depravatio
955 1055 1006 1120 val
1026 1057 1183 1139 corruptio
1203 1058 1260 1122 sub
1280 1059 1369 1142 regio

233 1173 240 1182 ·
325 1162 471 1244 inperio,
492 1159 616 1224 duobus
637 1160 704 1224 aliis
724 1159 915 1242 reipublicae
945 1159 1043 1224 modis
1065 1167 1250 1242 temperato,
1277 1161 1369 1228 laciio

325 1273 483 1330 occurrat:
507 1265 633 1328 mixtum
651 1262 732 1327 banc
754 1263 887 1328 civitatis
902 1262 1029 1328 sormam
1044 1263 1173 1344 reliquis
1192 1274 1368 1348 praestaro,

324 1371 452 1454 oolliba
466 1369 615 1453 bitalbpit
1123 1411 1125 1416 ,
1272 1429 1276 1436 ,

394 1474 466 1540 ill.
487 1475 643 1558 Expositis
658 1471 813 1536 cicurum
830 1472 930 1536 causis
940 1473 1255 1554 etlno,etillustratis
1270 1475 1367 1542 variis

324 1581 620 1664 rerumpublicarum
635 1578 822 1662 generibus,
841 1579 994 1660 sequar,
1014 1586 1048 1642 ut
1067 1586 1106 1642 de
1117 1583 1243 1658 imperti
1257 1589 1368 1646 natura

324 1694 358 1751 ct
371 1686 501 1763 ambitu,
523 1692 556 1748 ct
570 1683 718 1764 deinceps
734 1681 774 1744 dc
790 1681 924 1746 diversis
933 1684 1013 1766 juris
1028 1684 1140 1766 publici
1160 1686 1298 1768 partibus
1313 1687 1366 1750 vi-

290 1774 292 1776 ’
324 1788 460 1855 dorum
488 1787 543 1852 list
563 1794 663 1854 autem
683 1787 844 1868 imperium
859 1804 977 1852 summa
991 1789 1043 1854 vol
1057 1807 1201 1872 suprema
1216 1799 1366 1874 potestas,

324 1910 418 1976 supra
434 1910 525 1974 quam
537 1892 622 1956 uuila
637 1891 696 1955 alia
711 1909 783 1954 csse
799 1898 913 1974 potest:
935 1892 1066 1976 ideoque
1082 1902 1113 1958 et
1131 1897 1283 1968 moestos
1303 1913 1366 1978 ap·

323 1999 433 2083 paliari
447 2006 481 2062 ot
494 2006 691 2067 saoroeauata
703 1997 813 2062 baberi
828 1998 918 2060 solet
941 1998 999 2072 Qui
1014 2017 1096 2066 nunc
1111 2007 1182 2064 sunt
1195 2001 1276 2066 illam
1285 2019 1366 2062 soar-

322 2105 483 2168 aeraa‘adtd
502 2111 622 2168 vocant
650 2101 868 2182 Necessitudo,
887 2121 966 2184 quaa
986 2105 1067 2170 iuter
1087 2123 1154 2168 cam
1175 2113 1206 2170 ot
1225 2106 1365 2190 ampulas

321 2209 460 2274 homiues
483 2210 514 2272 iu
537 2209 660 2272 civitate
682 2208 833 2292 degentes
854 2209 1035 2289 intercedit,
1059 2210 1137 2274 baec
1158 2219 1219 2277 est:
1242 2213 1367 2295 atejus

321 2313 441 2395 placitis
453 2313 579 2376 ommno
593 2313 722 2376 obedire
737 2320 910 2392 tencantur,
925 2313 999 2378 licet
1014 2315 1066 2379 illa
1081 2314 1161 2380 torte
1177 2316 1276 2380 miuus
1291 2316 1364 2381 iau-

321 2418 430 2488 dabili·
443 2420 519 2500 ipsis
532 2417 705 2484 videantur.
734 2418 806 2484 inde
822 2420 995 2482 rectissime
1009 2419 1222 2484 lictberto-r
1244 2438 1363 2482 mmoao

321 2523 492 2599 imper-ocati
506 2525 678 2600 simplicem
692 2525 905 2588 obedientiam
918 2527 1035 2601 dabat,
1053 2523 1152 2588 docet.
1181 2524 1256 2590 Inde
1271 2526 1364 2590 ctiam

322 2626 448 2704 dcitur:
476 2629 675 2710 imperantem
701 2629 824 2692 nonaisi
843 2631 913 2712 jura
934 2629 966 2692 io
988 2629 1125 2713 singulos
1147 2629 1279 2709 habero,
1302 2649 1363 2696 uec

273 2716 280 2726 '
322 2732 478 2818 ιιιιοοιςι
492 2749 548 2796 eos
562 2733 758 2816 ooogaaona
774 2734 896 2798 vectu
915 2734 1072 2818 assuage.
1107 2736 1364 2812 aussoreno

321 2856 383 2906 oca
397 2840 440 2902 ita
454 2838 684 2921 interpretanda
698 2847 761 2903 est:
777 2841 864 2921 quasi
879 2839 931 2904 illc
947 2840 1022 2904 nulli
1039 2839 1365 2924 occlamantibus

320 2943 387 3028 lagi
401 2943 581 3010 ubsiacerc
597 2951 756 3022 teneatur,
777 2943 834 3006 sed
852 2943 933 3006 huuc
953 2943 1045 3009 habet
1060 2947 1195 3010 aeuum:
1217 2945 1363 3028 quidquid

320 3067 339 3114 a
353 3065 468 3115 mura
482 3056 636 3131 potestate
650 3049 685 3114 iil
696 3049 748 3111 vel
758 3048 900 3130 jubetur,
919 3049 950 3112 id
965 3067 1119 3132 uunquam
1133 3067 1195 3114 aon
1205 3051 1280 3133 jure
1294 3051 1368 3116 flori

320 3160 374 3218 aut
387 3155 499 3236 injuste
513 3152 652 3235 praecipi
667 3161 823 3216 censomr.
853 3151 956 3234 Atque
975 3155 1052 3224 baec
1071 3154 1150 3218 adeo
1165 3155 1286 3238 inperii
1300 3174 1364 3220 no-

319 3257 395 3320 tioni
407 3256 584 3335 inhaereat,
604 3264 638 3319 ut
651 3257 680 3319 si
694 3258 935 3340 uniuscujusque
951 3260 1002 3322 vel
1017 3261 1110 3324 totius
1125 3260 1232 3342 populi
1241 3260 1364 3343 judicio

319 3361 373 3426 vel
386 3359 515 3426 arbitrio
529 3369 613 3426 esset
627 3361 780 3440 relicuom,
790 3379 829 3424 an
837 3362 1015 3443 imperantis
1024 3364 1142 3446 placitis
1157 3365 1361 3432 obadeoduau

320 3467 370 3545 ait,
384 3483 445 3530 rou
460 3466 540 3548 apud
555 3467 639 3532 itura
654 3467 711 3530 sed
725 3467 807 3549 apud
821 3467 961 3552 singulos
977 3467 1028 3533 vel
1044 3468 1125 3549 apud
1141 3469 1361 3536 ualitudinem

320 3588 437 3640 suana
451 3579 587 3654 potestas
601 3588 673 3635 esse
689 3572 817 3636 dicenda
832 3574 881 3636 sit

361 3718 365 3723 -
388 3676 462 3742 142
483 3678 592 3742 Totum
606 3684 707 3744 autern
721 3677 842 3760 imperii
852 3677 986 3742 *obiciam
996 3677 1026 3742 ia
1037 3678 1177 3762 repende
1187 3677 1363 3744 ctadaaiai-

320 3782 442 3846 str'anda
456 3783 618 3864 republica
632 3784 763 3865 positum
783 3791 844 3846 est:
866 3790 898 3846 et
918 3784 1035 3850 duobus
1055 3784 1245 3866 potissimum
1263 3784 1365 3850 modis

320 3886 440 3970 expleri
455 3887 544 3951 solet
566 3886 631 3950 Aut
646 3886 726 3952 cuim
737 3905 880 3955 asumma
895 3893 1043 3970 potestate
1058 3905 1182 3954 normae
1196 3888 1362 3973 puerulos

319 3992 340 4054 i.
346 4010 373 4054 e.
384 3992 522 4056 emotus
534 3977 707 4056 servandae
714 3993 953 4075 praecipiuntur,
961 4011 1039 4073 quac
1047 3996 1130 4068 tem
1136 4002 1302 4074 vocantur,
1309 4002 1364 4058 aut

319 4096 499 4180 uapularel
510 4096 549 4162 ab
560 4097 630 4179 ipso
642 4097 694 4162 vel
706 4099 774 4180 ejas
785 4099 874 4180 jussu
887 4098 1197 4181 negotiatractantur,
1208 4100 1239 4162 in
1249 4099 1360 4180 quibua

319 4208 353 4264 at
367 4201 458 4286 lopas
474 4207 509 4265 et
530 4201 590 4266 alia
605 4203 686 4284 juris
700 4210 869 4286 praecepta
882 4202 948 4268 suis
964 4203 1065 4270 causa
1081 4203 1360 4270 accomodantur.
