3109 5292
648 593 713 658 129

160 769 316 848 vitientur,
332 790 373 848 ea
387 772 486 836 aliena
502 773 629 836 materia
644 773 674 835 in
686 773 753 836 solo
764 781 870 838 nostro
881 774 1009 838 aedificii
1019 776 1198 856 exstructio,

161 873 202 936 ‹ie
216 893 278 956 qua
289 878 362 958 jure
378 878 460 942 civiti
477 877 681 942 definiendum
696 886 760 958 est,
784 879 815 944 in
836 897 897 960 quo
913 897 988 944 casu
1003 881 1144 960 materia,
1168 881 1199 943 in

160 995 222 1059 qno
236 978 334 1043 forma
349 983 452 1063 potior
466 983 509 1046 sit
521 981 662 1046 habenda
674 981 714 1058 ¹).

231 1082 303 1148 101.
327 1084 360 1150 C.
399 1087 533 1152 Tertium
562 1087 694 1168 denique
722 1106 829 1152 rerum
849 1090 1077 1171 acquisitionum
1100 1107 1199 1172 genus

160 1186 280 1252 illerum
297 1199 359 1270 est,
384 1211 464 1273 quae
480 1194 586 1254 ciuiles
603 1211 659 1256 seu
674 1213 759 1254 mere
776 1193 881 1255 ciuiles
900 1193 957 1256 dici
977 1209 1072 1275 posse
1087 1192 1199 1256 viden-

161 1301 225 1371 ter,
240 1310 303 1358 non
319 1297 390 1376 qnia
405 1297 473 1361 iiius
486 1297 640 1360 statuendi
655 1298 738 1361 untia
754 1297 846 1360 fuerit
857 1300 938 1380 justu
954 1299 1031 1360 ratio
1047 1297 1102 1360 sed
1119 1297 1198 1376 ideo,

160 1399 243 1479 quod
258 1400 344 1463 varia
360 1399 400 1464 de
415 1402 452 1464 iis
468 1409 634 1484 praecepta
650 1403 768 1485 legibus
784 1402 965 1484 populorum
982 1403 1093 1466 sanciri
1106 1409 1198 1484 pote-

160 1511 243 1581 rant,
275 1513 307 1566 et
330 1507 446 1570 sancita
471 1523 542 1571 esse
565 1514 799 1590 cognoscuntur.
844 1506 899 1569 Hic
921 1505 1104 1570 referendae
1130 1514 1200 1569 sunt

160 1623 264 1670 rerum
279 1609 630 1692 nulliusoceupationes‚
647 1627 750 1674 rerum
760 1609 972 1674 defunctorum
982 1610 1198 1689 acquisitiones

161 1719 193 1774 et
205 1730 273 1791 eae,
284 1733 365 1795 qnae
378 1715 470 1798 ionga
486 1715 652 1780 alienarum
668 1733 772 1778 rerum
787 1715 982 1796 possessione
994 1712 1198 1796 perficiuntur.

160 1813 207 1878 De
222 1819 351 1900 singuiis
368 1818 589 1901 dispiciendum
606 1827 662 1883 est.

227 1925 264 1996 a)
292 1923 377 1986 Licet
396 1924 495 1986 reteri
519 1925 720 2006 occupatione
742 1921 925 1986 omniafere
942 1921 1196 2002 dominiacoepta

161 2026 230 2104 sint,
247 2026 325 2090 adeo
341 2035 373 2090 nt
389 2027 479 2090 hodie
496 2045 612 2108 punoae
628 2035 741 2092 tantum
757 2047 811 2088 rea
827 2029 944 2088 scottiae
955 2027 1123 2108 supersint;
1139 2024 1198 2086 hae

160 2137 261 2192 nmen
292 2148 352 2193 non
373 2131 461 2194 aliam
489 2133 530 2194 ob
559 2135 708 2195 rationem
734 2133 946 2214 occupantium
968 2131 1035 2194 iieri
1052 2129 1196 2208 vidimus,

90 2238 92 2241 ’
159 2238 208 2308 (ς.
221 2231 290 2310 89.)
312 2255 401 2316 qnam
427 2235 506 2316 quod
526 2238 599 2318 jure
623 2245 752 2318 recepto
775 2238 816 2299 ita
842 2243 991 2299 statutum·
1008 2236 1055 2298 sit.
1101 2234 1198 2296 Nemo

160 2345 261 2403 autem
276 2357 339 2402 non
354 2340 513 2422 intelliget,
530 2349 562 2403 et
577 2341 667 2404 aliter
681 2340 759 2404 haee
773 2358 867 2421 posse
884 2340 1029 2418 ordinari,
1053 2339 1149 2402 veluti
1164 2346 1197 2402 ut

160 2443 192 2506 in
214 2445 380 2508 novmsimo
400 2447 474 2528 jure
489 2444 618 2524 Gallico,
648 2439 1013 2528 quotssod.Ant.713)
1039 2444 1196 2506 statuitur:

162 2551 223 2610 lm
238 2551 333 2622 tiene,
354 2551 509 2628 quinem
522 2569 582 2626 poe
599 2557 637 2610 de
650 2552 777 2626 mettre,
800 2550 1045 2624 appartiennent
1061 2548 1083 2608 ὰ
1098 2549 1196 2608 l’etut.

160 2651 270 2716 Nonne
287 2653 488 2736 joscerandi
512 2662 563 2717 aut
583 2655 751 2736 principum
773 2660 849 2731 erat,
875 2651 982 2715 autad
1004 2649 1196 2732 praediorum

160 2753 297 2820 dominos
313 2759 481 2840 pertinuit?
510 2759 619 2821 Nonae
639 2756 731 2821 hodie
751 2775 845 2840 saepe
865 2757 1085 2820 communitatis
1103 2754 1196 2836 oppi-

160 2859 267 2925 dorum
290 2871 342 2925 aut
361 2863 497 2928 vicorum
519 2864 590 2927 est?
623 2863 710 2926 Licet
731 2881 810 2946 ergo
833 2863 883 2926 iiia
898 2863 978 2945 juris
999 2859 1121 2944 regula:
1144 2874 1195 2922 res

158 2965 272 3030 nuttios
290 2968 391 3048 primo
409 2968 572 3049 ocenpanti
589 2967 775 3046 conceditur,
799 2968 828 3030 in
844 2967 982 3048 'plurimis
1000 2965 1121 3029 casibus
1139 2959 1196 3028 ne-

160 3071 353 3151 missinae
372 3073 458 3153 quasi
475 3073 555 3154 juris
570 3072 706 3160 gentium
722 3072 777 3151 sit,
802 3089 838 3134 eu
856 3077 954 3134 tamen
966 3065 1051 3152 juris
1062 3069 1196 3152 positivi,

159 3175 241 3257 qnod
257 3185 378 3256 vocant,
394 3179 413 3239 i.
429 3197 456 3240 e.
469 3179 547 3260 juris
565 3178 663 3240 civilis
680 3194 751 3240 esse
767 3173 897 3238 dicenda
913 3168 969 3238 est.

31 3343 41 3352 ,
165 3327 169 3333 -
227 3280 272 3373 ir)
282 3281 380 3346 iiorte
393 3289 498 3346 nostra
511 3299 567 3344 nos
581 3283 680 3346 omnia
693 3284 775 3364 jura,
790 3280 912 3361 quaein
928 3279 1026 3360 aliqua
1038 3297 1073 3342 re
1084 3277 1195 3342 habui·

161 3401 238 3464 mus,
249 3374 497 3465 amittere,nemo
508 3394 566 3464 est,
583 3387 635 3467 qui
647 3385 770 3448 dubitet
787 3382 847 3448 Sed
860 3384 960 3446 statim
974 3385 1141 3465 quaeritur,
1158 3381 1195 3446 nd
1237 3467 1239 3474 y

160 3507 252 3569 quem
271 3489 435 3553 dominium
456 3497 595 3554 nostrum
617 3489 745 3553 transire
769 3487 902 3552 deb-eat?
933 3486 977 3550 Re
1001 3487 1038 3550 ab
1063 3505 1097 3549 se
1121 3502 1196 3550 vero

161 3602 253 3675 patet,
269 3596 337 3676 ipso
349 3597 420 3678 jure
437 3594 466 3656 id
482 3595 593 3656 nemini
609 3611 680 3656 esse
696 3593 883 3674 acquisitum.
903 3591 1087 3655 Necessario
1102 3591 1196 3672 igitur

160 3707 214 3763 net
237 3699 359 3782 iegibus
385 3706 438 3762 aut
460 3699 527 3761 aliis
547 3699 626 3781 juris
650 3699 824 3780 praeceptis
847 3694 1128 3772 statuendumest,
1159 3692 1196 3754 ad

160 3818 250 3884 quem
275 3821 328 3866 res
352 3802 487 3866 defuncti
511 3803 666 3884 pertinere
691 3802 844 3883 incipiant.
890 3797 955 3862 Hoc
978 3807 1078 3862 autem
1104 3797 1196 3859 variis
1320 3880 1322 3883 .

160 3906 258 3971 modis
274 3907 396 3971 definiri
408 3914 526 3990 potest,
540 3907 591 3970 vel
605 3907 663 3985 ita,
680 3914 713 3969 ut
727 3907 814 3987 quasi
831 3921 882 3967 res
898 3903 1009 3966 nullius
1025 3903 1121 3984 primo
1137 3918 1196 3964 oc-

161 4012 285 4094 cupanti
299 4012 513 4092 acquirantur,
536 4011 587 4072 vel
610 4010 686 4073 fisco
703 4010 902 4092 reipublicae,
927 4007 1013 4088 eujus
1035 4005 1112 4069 civis
1137 4004 1195 4066 de—

160 4147 394 4157 m·—

216 4224 243 4292 1)
262 4227 285 4288 5.
299 4226 342 4276 25.
354 4227 381 4277 J.
396 4231 420 4276 2.
436 4225 498 4294 l·(d.
511 4242 562 4278 rer.
576 4225 665 4292 diris.)

249 4326 431 4382 wernherum,
445 4328 589 4382 pblicaduria
599 4329 638 4370 iim.
653 4327 688 4370 cd·
697 4327 718 4368 2.
963 4307 993 4374 9,
