3109 5292
670 575 715 644 25

172 773 245 822 usse
267 756 445 847 facultatum
468 765 608 841 apparet,
638 757 674 822 ad
698 775 773 842 quas
800 756 1030 846 cognosoondas
1057 757 1154 822 ceteri
1174 755 1207 820 vi

172 865 316 948 oompeiii
338 872 484 948 possunt,
506 866 619 948 quippe
641 883 720 948 quae
743 866 878 930 oriantur
899 885 941 929 ex
963 863 1216 948 obligationibus,

172 971 284 1053 quibus
304 978 411 1035 natura
431 969 659 1054 adstringimur,
682 978 715 1035 ut
735 979 766 1036 et
786 989 843 1036 nos
866 979 1050 1054 ceterosque
1069 971 1206 1036 homines

172 1076 377 1162 patientiores
392 1075 559 1140 reddamus.

242 1181 294 1246 13.
319 1181 394 1248 Cum
410 1184 440 1246 in
456 1183 592 1246 omnihus
601 1181 780 1248 Germaniae
791 1181 962 1246 Academiis
975 1185 1052 1268 juris
1060 1183 1206 1247 naturalis

175 1290 315 1354 doctrina
329 1299 389 1354 tam
406 1309 423 1354 a
437 1289 664 1354 iurisconsultis
687 1309 774 1374 quam
792 1309 809 1352 a
824 1288 1009 1373 philosophis
1024 1289 1205 1369 traderetur,

175 1398 210 1462 ab
226 1393 369 1460 extremo
385 1397 455 1460 inde
469 1397 596 1462 saeculo
608 1397 688 1461 xvlt
708 1399 818 1482 ingens
838 1396 877 1460 de
897 1415 934 1459 ea
953 1395 1097 1461 librorum
1117 1414 1205 1459 oom-

175 1505 450 1584 mentationumque
481 1520 626 1567 numerus
656 1511 704 1566 est
732 1502 839 1566 editus.
882 1499 1042 1584 scripsere
1065 1500 1144 1565 enim
1166 1499 1206 1564 da

174 1627 290 1672 summo
303 1609 382 1692 juris
398 1610 544 1674 naturalis
560 1610 722 1693 principio,
746 1610 785 1673 do
807 1608 899 1672 variis
919 1607 1010 1691 hujus
1029 1606 1206 1688 disciplinae

174 1713 332 1798 partibus,
360 1722 412 1777 aut
430 1714 585 1778 historiam
607 1713 743 1798 ejusdem
764 1720 958 1792 enarrantes,
989 1722 1040 1777 aut
1059 1713 1205 1777 librorum

174 1818 211 1882 ad
232 1837 300 1884 eam
316 1819 529 1901 pertinentium
550 1819 667 1884 indices
689 1828 906 1904 componentes
923 1818 961 1895 ¹).
983 1819 1112 1882 Primum
1128 1818 1207 1881 inter

173 1924 250 1990 huso
276 1924 376 1988 omnia
398 1941 492 2008 opera
514 1925 612 1989 locum
637 1927 821 2003 compendio
841 1926 920 2010 juris
946 1924 1091 1989 naturalis
1112 1923 1206 1986 uariis

173 2031 268 2095 titulis
284 2031 434 2115 insignata
450 2031 600 2112 obtinent,
624 2031 704 2095 inter
724 2050 802 2114 quae
817 2039 916 2096 tamen
937 2049 1034 2115 pauca
1047 2029 1122 2094 tanti
1136 2046 1206 2092 mo-

174 2136 268 2198 menti
283 2143 364 2215 sunt,
374 2144 407 2200 ut
416 2135 505 2200 hodie
521 2154 640 2220 quoque
656 2136 771 2201 laudari
786 2144 968 2200 mereantur.
990 2135 1050 2200 Sed
1067 2143 1099 2199 et
1112 2151 1205 2217 prae-

173 2242 321 2305 suntiono
342 2242 373 2304 in
394 2242 453 2305 hoo
477 2259 592 2326 genere
617 2258 710 2324 opera
734 2250 862 2306 eatenus
880 2231 951 2307 sunt
975 2248 1080 2305 notatu
1102 2239 1206 2325 digna,

175 2352 324 2429 qautenus
345 2363 387 2410 ex
408 2347 467 2411 illis
488 2349 597 2411 usitata
617 2349 723 2430 quavis
745 2356 845 2412 aetate
862 2348 941 2432 juris
959 2347 1102 2411 naturalis
1121 2353 1206 2410 trao-

174 2452 257 2516 tandi
272 2452 351 2515 ratio
367 2453 501 2535 perspici
516 2459 624 2535 potest

242 2558 313 2623 Fuit
328 2565 427 2622 autom
443 2558 519 2622 liaeo
534 2567 587 2623 aut
602 2559 639 2623 ad
655 2557 849 2625 Puiiendoriii
869 2568 920 2623 aut
939 2560 983 2623 ad‘
993 2560 1141 2623 Thomasii
1155 2567 1207 2624 aut

174 2664 211 2728 ad
226 2663 332 2728 Woiiii
343 2665 422 2747 juris
438 2664 583 2728 naturalis
598 2666 808 2730 tractationem
824 2665 1057 2744 accommodata,
1073 2667 1115 2728 ita
1129 2665 1207 2728 utin

171 2771 259 2834 hisne
274 2770 393 2836 duabus
409 2769 522 2834 scholis
541 2772 676 2856 plurimi,
699 2772 750 2853 qui
768 2772 848 2855 juris
869 2755 995 2836 naturae
1019 2779 1050 2834 et
1073 2772 1206 2855 gentium

175 2877 380 2940 institutiones
397 2877 598 2958 seripserunt,
615 2877 752 2961 singulas
767 2885 871 2960 partes
882 2885 913 2941 et
928 2878 1027 2960 capita
1042 2875 1207 2940 secundum

102 2966 104 2969 ⁵
173 2981 333 3061 ordinem,
356 2999 446 3064 quem
471 2979 690 3046 Puiiendoriius
711 2982 742 3045 in
763 2983 842 3046 iibro
862 2981 902 3046 de
921 2984 1018 3046 oiiioio
1032 2982 1161 3046 hominis
1177 2990 1208 3045 et

171 3087 248 3152 oiuis
264 3086 406 3166 instituit,
423 3085 616 3171 digesserint
643 3086 725 3150 inter
741 3086 935 3152 Pui'emioriii
951 3089 1038 3152 simui
1055 3096 1087 3152 et
1100 3087 1202 3153 Wotni

175 3201 345 3258 sectatores
352 3192 544 3275 Buriamaqui
558 3191 725 3257 laudandus
737 3201 795 3273 est,
809 3196 894 3277 nujus
909 3193 978 3257 libri
993 3191 1209 3271 ‹iePrtnm'pa'ts

174 3308 205 3362 et
217 3301 391 3360 Etemeratis
402 3299 480 3382 juris
496 3298 642 3362 naturalis
657 3298 774 3383 gallicis
790 3300 899 3363 litteris
914 3300 1079 3383 oonsoripti
1095 3296 1208 3376 (1⁷47.

178 3402 280 3480 utut)
298 3403 329 3480 ²)
352 3411 462 3468 tantam
479 3404 675 3469 obtinuerunt
690 3405 906 3484 auctoritatem,
921 3412 955 3468 nt
970 3412 1003 3467 et
1015 3413 1121 3468 nostro
1136 3423 1208 3468 sae-

174 3509 243 3576 oulo
259 3511 362 3575 denuo
383 3509 455 3572 editi
475 3509 535 3572 sint
550 3507 591 3585 Β).
628 3510 847 3575 Thomasianae
863 3511 942 3594 juris
961 3511 1109 3575 naturalis
1129 3510 1209 3574 doo-
1331 3493 1339 3512 ¹

227 3724 253 3791 1)
272 3724 326 3775 Gir.
351 3723 481 3774 Gobauari
507 3738 603 3774 noram
621 3724 690 3789 juris
713 3723 843 3776 naturalis
867 3723 1015 3774 historiam.
1050 3721 1210 3775 Wotulariaa

174 3817 250 3875 1774,
268 3817 295 3863 et
312 3812 432 3862 Meisteri
448 3809 576 3862 Biblioth.
591 3812 661 3878 iuris
681 3812 810 3863 naturalis
827 3817 854 3862 et
871 3817 942 3878 gont.
963 3811 1050 3862 Goott.
1073 3813 1148 3863 1749.
1165 3814 1208 3863 ⁵1.

172 3900 269 3952 sVol.

226 3989 253 4054 2)
271 3985 386 4038 Eosdem
405 3987 526 4053 sequitur
542 3992 569 4038 et
586 3987 613 4038 J.
626 3985 760 4053 Zallingor
775 3987 802 4038 in
815 3985 902 4037 instit
911 3985 964 4051 jur.
981 3986 1110 4038 naturalis
1122 4001 1154 4039 ao
1166 4003 1209 4040 ao·

173 4075 321 4128 olosiastioi
333 4072 437 4142 publioi
449 4073 526 4124 libris
538 4075 569 4125 V.
587 4075 701 4140 August.
718 4075 794 4126 1784.
810 4090 871 4126 nov.
888 4074 928 4125 od.
945 4074 1061 4139 Trniooti
1077 4074 1110 4125 ad
1126 4075 1208 4127 Rham.

176 4165 252 4227 1⁸23,
270 4161 422 4229 temperatis
434 4160 606 4212 Puffandorfii
618 4162 744 4233 sententis
757 4177 792 4212 ex
804 4161 952 4213 catholicae
963 4161 1039 4228 relig.
1051 4163 1208 4230 praeseptis.

226 4252 256 4320 a)
274 4251 351 4302 Parus
366 4251 441 4314 roro,
461 4251 503 4301 21.
