3109 5292
843 578 903 648 23.

352 757 432 824 inter
445 776 480 824 se
495 757 615 824 diversa
630 767 709 826 sunt.
745 759 879 826 iuiimum
894 759 974 824 enim
989 768 1038 826 est
1051 759 1126 825 iilud
1136 759 1271 847 jmtitiae
1293 775 1382 820 conu-

351 867 525 928 mututieue
541 872 572 930 et
586 866 680 930 stricti
692 866 770 950 juris
789 867 985 949 principium:
1006 868 1135 931 aiterum
1155 885 1216 932 non
1237 865 1381 942 laedere;

351 971 482 1038 medium
505 973 638 1055 justitiae
666 974 885 1035 distributivae
906 981 937 1036 et
959 974 1129 1053 uepudtutir
1157 972 1383 1050 caritatisque.-

351 1095 439 1142 soum
455 1078 563 1160 cuique
579 1078 726 1142 tribuere:
749 1095 896 1142 summum
916 1078 1048 1162 denique
1065 1079 1201 1163 justitiae
1215 1077 1380 1140 universa-

350 1181 388 1248 lis
404 1192 493 1266 atque
508 1182 643 1267 pietatis:
666 1187 793 1246 honeste
807 1185 923 1248 uivere
959 1186 1116 1250 Postremo
1132 1184 1213 1268 juris
1233 1179 1382 1245 naturalis

351 1288 505 1356 scientiam
520 1289 632 1373 exiguo
647 1287 736 1374 hujus
751 1291 832 1353 vitae
847 1292 946 1373 spatio
961 1308 1020 1354 non
1035 1289 1300 1372 circumscriptam,
1324 1284 1382 1351 sed

350 1395 437 1477 quasi
451 1403 604 1461 aeternam
620 1413 691 1460 esse
706 1396 890 1461 existimavit
906 1395 945 1471 1).

416 1501 536 1566 Henrioi
556 1500 595 1564 de
610 1498 733 1585 Couoeji
755 1507 796 1577 (†
821 1499 923 1590 into)
946 1519 1058 1564 nosram
1081 1507 1219 1580 matema
1233 1500 1383 1572 iustitiae

349 1609 508 1670 namnetis
521 1613 554 1668 et
568 1623 718 1668 romonae
732 1605 812 1670 iilius
828 1608 893 1689 ejus
911 1606 1030 1672 Samuel
1045 1607 1074 1671 d.
1089 1605 1223 1690 Coccei,
1246 1621 1381 1669 ιιιιιιιιιιιιε

348 1711 512 1776 Borussiae
534 1711 793 1788 cancellariusst
811 1709 913 1789 1756)
937 1712 1077 1796 perfecit
1109 1711 1159 1777 Ad
1180 1729 1296 1776 morem
1318 1718 1382 1774 tam

349 1817 430 1900 apud
444 1825 579 1896 ueteres,
602 1835 690 1899 quam
705 1817 806 1882 medio
821 1836 899 1882 aevo
914 1820 1055 1884 usitatum
1066 1821 1119 1902 jus
1133 1826 1263 1882 naturae
1278 1817 1382 1900 legem

348 1923 417 2002 Dei,
439 1925 489 2006 qui
504 1931 538 1986 ui
559 1931 664 1988 auctor
687 1931 815 1989 naturae
834 1924 884 2006 jus
904 1923 1025 2006 aliquod
1047 1925 1105 1988 sihi
1127 1923 1179 1987 vei
1202 1923 1269 1986 aliis
1291 1939 1381 1986 suum

349 2047 419 2094 esse
430 2029 528 2115 juhet,
552 2047 622 2094 esse
637 2027 753 2109 docuit,
777 2048 857 2112 quae
871 2048 948 2094 vero
962 2047 1023 2094 non
1037 2030 1231 2094 revelationis
1246 2028 1380 2112 dogma·

348 2134 427 2198 dhus
448 2135 638 2215 continetur,
661 2134 716 2200 sed
739 2137 862 2198 rationi
883 2135 1030 2199 humanae
1052 2136 1219 2217 conspicua
1235 2151 1278 2196 ex
1295 2133 1382 2197 ionio

350 2240 510 2320 creatoris,
532 2248 565 2303 ut
580 2240 670 2304 maris
687 2258 722 2302 ac
736 2240 866 2304 feminae
882 2241 1063 2323 conjunctio,
1080 2257 1121 2302 ex
1135 2239 1265 2304 motibus
1280 2247 1314 2302 et
1329 2238 1383 2300 in·

349 2343 466 2412 stinctie
481 2345 512 2408 in
526 2344 693 2410 hominihus
708 2365 725 2410 a
740 2352 849 2411 natura
864 2345 1008 2425 conditis,
1030 2363 1072 2409 ex
1090 2353 1218 2409 naturae
1242 2345 1304 2408 fine
1318 2361 1381 2406 no·

349 2451 485 2515 cessario
499 2457 531 2516 et
545 2450 705 2533 probabili,
726 2469 766 2514 on
781 2459 890 2516 natura
905 2459 936 2514 et
950 2453 1080 2516 essentia
1100 2451 1197 2534 ipsius
1211 2448 1383 2526 creatoris,

349 2555 481 2640 denique
496 2575 537 2620 ex
552 2559 775 2639 praesumtione
791 2558 930 2637 naturali,
953 2575 1011 2640 qua
1026 2575 1068 2620 ex
1081 2555 1229 2621 communi
1244 2554 1382 2656 gentium

251 2706 253 2709 v
349 2681 501 2728 consensu
524 2662 620 2728 oritur
636 2660 676 2739 ¹).
713 2663 761 2727 Ex
784 2662 832 2726 his
856 2662 955 2727 causis
979 2661 1130 2746 Cocceius
1148 2664 1218 2746 jura
1241 2667 1303 2724 tam
1323 2660 1386 2742 ips¹

347 2768 425 2849 Deo,
449 2788 538 2852 quam
552 2768 721 2832 hominihus
737 2781 814 2852 erga
829 2768 1008 2833 seinvicem
1024 2766 1226 2851 competentia
1241 2785 1260 2829 a
1274 2771 1386 2829 natura

348 2875 527 2940 necessario
543 2873 670 2957 quodam
690 2873 781 2938 modo
800 2874 963 2938 constituta
983 2874 1123 2953 deduxit,
1147 2889 1245 2954 eaque
1264 2880 1384 2955 agnos·

350 2981 440 3044 cendi
455 2979 584 3044 oiheium
599 2979 694 3043 veluti
709 2993 796 3042 suum
817 2979 928 3060 cuique
949 2978 1101 3042 tribuendi
1120 2978 1309 3042 voluntatem
1327 2978 1385 3060 ju-

350 3084 460 3148 stitiam
475 3083 651 3166 appellavii;
674 3085 713 3147 ita
728 3083 860 3165 quidem,
880 3093 915 3148 ut
929 3083 1136 3167 philosophica
1148 3085 1229 3168 juris
1245 3082 1384 3146 doctrina

351 3206 412 3253 nou
426 3206 482 3271 pro
498 3188 652 3253 socialium
672 3189 836 3253 officiorum
857 3190 979 3268 ordine,
1003 3189 1058 3254 sed
1076 3206 1135 3271 pro
1151 3189 1267 3273 jurium
1283 3207 1302 3252 a
1316 3187 1386 3251 Deo
1490 3256 1492 3259 ,

351 3294 520 3358 hominihus
536 3311 702 3376 eorumque
721 3300 849 3357 naturae
868 3291 1007 3358 datorum
1027 3295 1249 3376 compositione
1269 3295 1387 3358 sancita

352 3399 390 3468 ah
405 3417 442 3464 eo
456 3399 604 3463 habeatur
620 3395 660 3474 ³).

419 3504 636 3590 Homhergr‘us,
660 3501 869 3568 Sohmaussius
889 3511 920 3566 et
937 3505 1062 3569 Fiattius
1082 3505 1112 3568 in
1127 3507 1199 3590 J‘ure
1214 3503 1388 3571 secundum

351 3609 477 3694 regulas
497 3609 704 3693 philosophiae
724 3609 894 3694 indagando
912 3611 1183 3695 investigandoque
1204 3609 1340 3674 studium
1355 3609 1387 3672 in

353 3734 391 3779 eo
407 3716 591 3800 potissimum
607 3722 789 3797 posuerunt,
812 3723 845 3778 ut
865 3714 1130 3780 celeberrimorum
1142 3716 1222 3800 juris
1237 3715 1388 3779 naturalis

352 3821 536 3904 scriptorum
557 3821 739 3900 sententias,
762 3820 828 3884 sive
851 3820 928 3884 falso
948 3821 1120 3885 scaminus
1139 3828 1228 3884 recte
1247 3820 1389 3898 nuditas,

410 4000 434 4067 1)
452 4001 518 4052 Vide
530 4000 657 4052 Leihnitii
669 3999 860 4066 praefationem
871 3999 905 4051 ad
917 4015 994 4052 suum
1006 4000 1128 4053 (iudicem
1136 4002 1206 4068 juris
1218 4001 1342 4068 gentium
1354 4014 1391 4050 ax

354 4090 431 4140 aunis
445 4091 550 4140 tuaest
565 4091 641 4139 1700.
659 4089 726 4138 Item
745 4089 802 4154 ejus
821 4104 880 4155 opp.
899 4089 973 4138 Tum.
987 4089 1032 4139 1v.
1047 4105 1074 4156 p.
1087 4091 1145 4140 264.
1160 4092 1220 4141 270.
1234 4090 1389 4142 auo-teo.

409 4174 435 4242 2)
454 4176 521 4226 Nor.
534 4176 655 4242 Systema
666 4173 685 4226 l.
698 4174 719 4237 I,
732 4187 755 4224 o.
767 4177 793 4225 4.
813 4177 836 4238 ᾖ.
849 4178 962 4226 42-48.

408 4263 435 4331 8)
454 4263 493 4316 Πι.
513 4278 536 4315 o.
548 4264 574 4314 h.
593 4265 617 4327 ὃ.
631 4265 664 4314 49
677 4277 732 4326 seq.
