3109 5292
231 709 288 777 68.
306 709 388 776 *Cura
401 728 445 776 ex
457 709 711 796 philosophemur
721 711 878 778 sententia
894 726 998 776 annas
1010 711 1153 778 »heminas
1168 713 1208 778 ad

168 816 340 891 tuoruum
359 818 422 883 nati
443 823 476 880 et
496 825 637 899 tanquan
655 836 811 900 personne
832 821 964 884 ommuni
982 819 1119 902 gentium
1135 823 1207 904 jure

166 921 317 988 mutandi
329 938 403 984 esse
419 921 559 987 dieantur
574 928 623 998 (ς.
629 921 702 1003 39),
716 924 826 1005 quaeri
835 930 950 1004 natast,
967 942 1056 1005 quam
1071 924 1132 988 late
1147 944 1207 1007 pa-

166 1036 235 1094 tere
254 1027 384 1092 inunt
405 1035 538 1108 quatum
559 1029 624 1107 illa,
649 1028 816 1110 dequibus
832 1028 973 1107 diximus,
990 1030 1208 1113 jurisgenera,

168 1131 394 1199 etanmnnns
408 1132 578 1213 aequaliter
588 1133 879 1198 sinteeneealandni
900 1133 997 1198 Nemo
1013 1135 1120 1212 nescit,
1136 1133 1208 1198 inde

167 1237 206 1300 ab
221 1236 505 1300 extrennsaeaulu
521 1239 689 1317 praeterito
704 1241 836 1321 populos
849 1257 919 1304 cuna
934 1239 1054 1322 publiea
1069 1239 1208 1304 libertate

166 1340 257 1404 simul
278 1347 310 1402 et
325 1341 404 1424 iuris
422 1342 649 1420 eremitatem
663 1361 752 1424 quan
770 1343 947 1408 latissimam
967 1353 1000 1408 et
1018 1362 1113 1426 saepe
1138 1361 1209 1409 euru

167 1446 300 1510 anuum
320 1444 472 1510 ueneram
494 1447 709 1510 communitate
724 1449 916 1530 cunjunctam
938 1450 1132 1530 petivissent
1151 1466 1226 1512 sem

167 1549 331 1621 titinnius
344 1549 499 1630 armisque
513 1551 572 1613 sibi
586 1550 775 1627 stadiensem
788 1569 856 1616 non
871 1552 964 1635 igitur
978 1553 1048 1617 vilis
1063 1555 1210 1620 momenti

166 1656 363 1738 questiems
376 1655 458 1720 istae
473 1655 631 1722 madae
647 1674 718 1720 esse
729 1657 885 1720 uidentur.

232 1759 349 1827 Onnes
371 1759 511 1824 hemines
533 1761 654 1842 aequali
677 1759 739 1824 frui
758 1760 877 1826 debere
895 1762 966 1844 jura
987 1764 1054 1844 ipsa
1070 1764 1212 1845 justitiae

165 1867 214 1930 vis
230 1864 413 1946 etnequalis
427 1882 535 1930 surum
548 1873 658 1930 natura
674 1867 859 1946 praecipere
875 1866 1006 1930 uidetur.
1025 1867 1118 1932 lubet
1128 1871 1209 1932 enirn

164 1971 219 2036 ills
236 1989 331 2034 nunni
355 1972 466 2052 auique
487 1971 640 2049 tribuere,
673 1987 752 2054 ergo
775 1969 882 2034 iisdem
902 1972 955 2053 jus
976 1971 1055 2036 ialam
1062 1993 1072 2049 3
1101 1989 1209 2038 omnes

167 2077 248 2140 enirn
275 2076 413 2140 hemines
442 2093 484 2138 ex
510 2073 619 2138 eelen
643 2076 816 2164 animalium
841 2084 913 2140 sunt
935 2095 1070 2160 genere,
1102 2095 1208 2144 ornnes

166 2183 286 2248 ratione
293 2179 435 2264 praediti,
451 2180 591 2244 omuibus
601 2180 780 2262 ingenerata
794 2188 842 2244 est
856 2181 929 2245 boni
941 2183 1072 2264 malique
1082 2185 1208 2248 scientia

167 2286 350 2366 uirtutisque
371 2286 562 2359 reverantia;
592 2283 723 2365 denique
744 2300 813 2348 earn
836 2287 933 2350 omnis
948 2287 1056 2350 civitas
1073 2288 1153 2370 juris
1169 2289 1209 2351 sit

167 2390 307 2468 societas,
326 2392 400 2473 jura
414 2396 502 2460 certe
518 2389 606 2481 paria
619 2407 691 2452 esse
707 2388 840 2452 debeant
863 2407 970 2470 eorum
985 2392 1065 2454 inter
1080 2411 1131 2470 se,
1155 2393 1207 2474 qui

170 2497 256 2558 rives
271 2503 343 2561 sunt
358 2495 389 2557 in
405 2495 513 2559 eaden
521 2494 679 2574 republica
688 2493 727 2568 ¹)
745 2492 831 2567 Quae
848 2496 947 2558 omnia
962 2496 1036 2558 licet
1048 2498 1209 2560 uerissima

167 2601 239 2678 siat,
262 2615 325 2662 nen
338 2608 438 2663 tamen
453 2606 537 2662 tanta
551 2605 599 2662 est
614 2598 767 2661 lentinum
783 2598 959 2680 aequalitas,
983 2607 1017 2662 ut
1032 2601 1132 2664 nullae
1149 2603 1209 2665 sint

169 2706 249 2768 inoer
264 2705 404 2787 singulas
419 2703 653 2785 discrepantiae.
683 2702 793 2768 Nonne
811 2705 893 2766 inter
907 2721 942 2768 se
958 2704 1103 2769 differunt
1117 2723 1207 2786 saxu,

170 2819 281 2889 aetate,
301 2811 411 2875 mentis
427 2809 601 2892 integritnte
617 2816 649 2871 et
663 2808 782 2872 cultura
795 2809 977 2890 honestique
993 2808 1207 2874 obseruantia?

168 2915 219 2979 llil
232 2923 334 2980 antem
349 2913 493 2995 miquius,
516 2913 559 2976 nil
569 2913 706 2995 justitiae
721 2914 820 2996 magis
836 2914 1021 2977 eontrarium
1038 2921 1093 2990 est,
1117 2931 1207 2995 quarn

170 3021 303 3084 omniurn
313 3022 385 3102 jura
399 3020 441 3082 ita
457 3018 598 3098 aequari,
618 3025 728 3081 utnon
743 3019 870 3100 euque,
888 3035 967 3100 quae
982 3027 1137 3084 mereatur
1153 3018 1209 3083 sed

170 3133 202 3188 et
215 3124 327 3207 quibus
343 3123 436 3205 plane
450 3121 594 3204 indignus
609 3139 681 3185 esse
697 3123 827 3200 uidetur,
845 3125 915 3206 jura
931 3124 1112 3188 tribuantur.
1143 3123 1207 3188 lla-

169 3237 260 3294 tenus
275 3244 355 3312 ergo
374 3233 489 3292 tantum
504 3228 584 3309 juris
605 3228 773 3309 aequalitas
788 3227 949 3292 statuenda
964 3229 1037 3306 erit,
1059 3236 1208 3310 quatenus

170 3334 360 3398 hominene
375 3350 451 3396 vara
467 3333 612 3413 aequales
628 3333 706 3396 inter
721 3350 757 3397 se
772 3342 856 3413 sunt,
879 3333 935 3396 sed
950 3327 1011 3397 nun
1025 3335 1113 3398 ultra.
1143 3331 1208 3398 lta·

168 3459 231 3524 que
250 3441 283 3502 in
297 3440 393 3525 rebus
413 3438 543 3520 publicis
563 3438 644 3503 bene
660 3439 833 3502 nonstiurtis
850 3440 960 3520 euque
977 3445 1092 3502 tantum
1110 3439 1208 3503 liber-

168 3549 238 3610 tatis
258 3555 290 3608 et
304 3528 636 3628 juris'inpertiendum
655 3543 816 3608 dicendum
836 3552 897 3622 est,
918 3551 1060 3624 wantum
1081 3545 1110 3606 ei
1130 3561 1209 3626 epus

171 3658 229 3729 est,
243 3657 279 3713 nt
291 3650 328 3712 ab
339 3649 467 3711 eliorum
481 3648 591 3730 injuria
606 3655 687 3712 tutus
700 3650 820 3728 viuere,
837 3665 932 3730 spera
948 3655 979 3710 et
993 3646 1142 3710 industria
1154 3665 1208 3712 sua

171 3772 207 3819 ne
221 3771 357 3835 suesque
371 3753 523 3816 minere
545 3759 577 3814 et
599 3751 835 3815 neaeman
852 3749 1057 3816 excolendum
1078 3767 1136 3831 pro
1155 3751 1208 3812 in-

170 3860 264 3944 genio
279 3875 337 3922 sue
353 3858 484 3919 animm
499 3855 563 3918 etio
578 3854 638 3918 imi
653 3854 799 3938 pessit').

225 4003 251 4066 1)
270 4001 365 4052 Cicero
378 4001 411 4052 da
422 3999 569 4068 republica,
583 3999 603 4051 1.
618 4001 660 4049 32.
673 4000 720 4050 ini

224 4089 250 4156 2)
267 4089 345 4140 Hnee
361 4093 402 4139 est
412 4089 544 4143 Fiehtii
558 4087 674 4153 junioris
686 4089 832 4154 sententia,
845 4090 890 4140 eui
901 4090 1028 4140 assentire
1040 4090 1149 4142 minime
1161 4088 1208 4140 alu·

174 4176 304 4229 lritsmust
324 4178 371 4228 air.
383 4177 449 4243 Ejus
462 4175 543 4228 Etlrile
552 4175 588 4225 11.
598 4177 625 4239 θ.
638 4178 672 4226 84
684 4191 738 4242 seq.
