3109 5292
681 561 725 643 ts

186 746 426 839 obtemperando
432 756 510 844 justi
520 755 695 839 praeceptis
706 775 723 819 a
734 742 934 836 prudentibus
950 758 1097 838 probatis,
1112 758 1220 840 quibus
1324 733 1328 743 ’

179 861 250 944 jura
267 859 402 924 condere
419 863 601 944 permissum
617 868 672 922 est.
710 861 787 922 Tres
810 863 906 943 igitur
923 869 994 925 sunt
1009 865 1088 944 juris
1108 853 1219 941 tontes,

184 967 439 1042 consuetudines,
462 969 544 1040 leues
565 973 595 1027 et
607 965 692 1035 iuria
705 967 897 1041 peritorum,
922 969 1103 1046 praesertim
1118 969 1219 1051 magi·

184 1061 344 1148 stratuum,
360 1071 542 1133 sententiae.
657 1101 659 1105 ·
936 1084 939 1088 ⁴

252 1171 341 1249 Quod
365 1176 487 1260 legibus
510 1184 562 1240 aut
584 1173 897 1257 imperantium‘apud
920 1173 1051 1255 aliquem
1074 1174 1218 1257 populum

184 1279 449 1344 constitutionibus
464 1281 611 1358 sancitur,
636 1276 762 1341 llomani
772 1280 828 1350 itta
843 1279 1008 1356 scriptum,
1029 1278 1110 1358 quod
1126 1279 1219 1342 tacito

184 1373 252 1464 ejus
274 1401 426 1447 consensu
450 1391 502 1448 aut
524 1382 718 1464 prudentium
741 1384 917 1445 auctoritate
941 1384 1145 1459 constituitur,
1164 1384 1219 1452 ina

182 1474 245 1547 non
268 1487 421 1563 seriptum
442 1487 596 1569 appeliant
606 1485 651 1562 1);
683 1494 713 1548 ot
730 1487 878 1549 maximae
894 1487 1014 1567 quidem
1030 1487 1219 1549 auctoritatis

183 1591 241 1653 boc
252 1593 304 1673 jus
320 1591 358 1653 ab
374 1591 411 1654 iis
426 1591 569 1670 babetur,
593 1590 705 1672 quippe
721 1589 804 1670 quod
820 1591 849 1651 in
865 1597 977 1652 tantum
994 1592 1219 1672 comprobatum

186 1701 243 1772 est,
259 1702 367 1757 utnon
383 1693 475 1758 luerit
490 1712 620 1757 necesse
636 1694 758 1776 scriptis
773 1693 804 1755 id
821 1693 1134 1775 comprehenderet).

250 1797 302 1859 56.
326 1795 407 1860 luris
424 1799 559 1882 origines
576 1807 608 1861 et
622 1795 850 1860 vicissitudines
866 1797 945 1879 apud
958 1798 1094 1860 cultioris
1109 1798 1218 1860 buma-

183 1901 282 1964 nitatis
300 1903 433 1984 populos
454 1899 560 1965 eadem
581 1901 656 1964 iere·
669 1901 789 1965 ratione
811 1904 982 1984 procedere
1005 1903 1134 1966 historia
1158 1902 1218 1965 do-

184 2001 354 2084 cemur⁸).·
424 2013 427 2016 '

250 2113 282 2189 a)
301 2109 408 2174 'lunata
423 2110 473 2174 illa
490 2111 638 2174 humanae
653 2119 781 2174 naturae
791 2111 867 2193 justi
882 2111 950 2188 lex,
969 2110 1143 2190 ubicunque
1158 2110 1217 2171 bo-

182 2212 279 2277 mines
296 2215 326 2277 in
342 2215 519 2278 societatem
536 2215 735 2293 conveniunt,
760 2231 816 2277 eus
832 2213 868 2276 ad
884 2215 966 2275 vitae
980 2214 1147 2277 communis
1162 2224 1217 2274 ra·

182 2319 284 2382 tiones
295 2322 377 2402 juste
394 2325 424 2381 et
438 2337 536 2399 aeque
552 2319 772 2382 describendas
787 2319 922 2400 impellit,
939 2319 1018 2381 etad
1030 2319 1217 2381 dissentien-

183 2423 257 2484 tium
273 2421 352 2501 lites,
367 2423 452 2504 pacis
469 2424 698 2486 conservandae
715 2425 825 2505 gratia,
841 2429 928 2485 recte
943 2422 1137 2484 dirimendas.
1157 2421 1218 2485 Sed

182 2523 331 2608 populus,
356 2527 408 2606 qui
428 2533 576 2606 tamquam
599 2528 629 2588 in
650 2525 775 2588 inlantia
795 2525 881 2608 degit
896 2544 931 2588 ac
951 2527 1082 2588 infimum
1102 2532 1218 2586 tantum

183 2630 284 2693 cultus
306 2631 557 2712 humanitatisque
581 2630 708 2714 gradum
733 2639 833 2709 tenet,
863 2630 956 2692 rebus
979 2631 1054 2712 ipsis
1076 2637 1108 2690 et
1131 2622 1218 2691 lucis

183 2733 295 2796 cuncta
306 2733 450 2796 ordinare
466 2733 553 2812 solet,
576 2734 707 2815 ideoque
719 2735 799 2817 juris
815 2737 882 2816 ejus
898 2732 1061 2814 primordia
1076 2734 1107 2794 iu
1119 2730 1217 2794 mori-

182 2837 240 2900 bus
258 2845 289 2899 et
304 2836 574 2901 consuetudinibus
590 2845 738 2900 constant.
776 2837 866 2901 Certa
885 2845 986 2899 tamen
1001 2842 1032 2898 et
1047 2842 1151 2897 sancta
1167 2835 1217 2896 tn·

182 2940 345 3004 veniuntur
373 2943 453 3005 vitae
484 2943 649 3004 communis
677 2943 827 3005 instituta:
874 2940 1068 3002 constituitur
1090 2932 1218 3001 ciuitatis

180 3046 296 3124 torma,
318 3045 512 3108 instituuntur
533 3039 742 3128 magistratus,
766 3044 874 3109 ritibus
894 3052 946 3108 aut
965 3043 1103 3106 turmulis
1120 3042 1218 3106 sacris

181 3152 317 3213 actiones
328 3149 532 3228 celebrantur,
548 3150 656 3230 quibus
672 3148 931 3213 intercedentibus
942 3146 1133 3229 singulorum
1144 3148 1216 3228 jura

182 3255 415 3337 distinguuntur.
445 3253 638 3336 Religionum
660 3252 769 3316 deinde
785 3252 977 3315 caerimoniis
997 3259 1028 3314 et
1048 3252 1231 3327 sanctitates

181 3358 290 3440 quihus
306 3357 405 3419 omnia
420 3356 600 3438 populorum
617 3357 783 3437 primordia
794 3356 967 3419 consecrari
977 3355 1126 3434 videmus,
1138 3355 1217 3438 Juris

181 3479 304 3543 quoque
324 3467 492 3542 praecepta
512 3461 682 3539 iurantur,
714 3460 784 3522 inde
801 3459 983 3542 judiciorum
1005 3460 1162 3537 sancitas,
1185 3460 1216 3519 in

238 3749 261 3814 1)
281 3749 380 3802 Eadem
392 3748 462 3814 juris
479 3747 550 3814 apud
562 3747 664 3814 Augias
683 3745 835 3800 distinctio:
860 3747 906 3811 jus
922 3747 1040 3798 moribus
1058 3750 1086 3796 et
1100 3744 1215 3796 auotori-

180 3836 423 3905 accumulandum
440 3837 614 3897 constitutum
632 3835 703 3902 apud
722 3851 767 3886 eos
784 3834 905 3896 Conamen
923 3833 989 3886 Loro
1006 3835 1024 3884 i.
1038 3849 1059 3883 e.
1078 3846 1216 3884 commune

79 3965 81 3969 .
176 3926 231 3990 jus,
246 3924 292 3988 jus
310 3923 415 3990 legibus
429 3923 560 3972 sancitum
572 3919 660 3972 Statuit
670 3919 735 3970 Low
748 3920 905 3987 appellatur.

235 4009 262 4078 2)
281 4009 324 4060 Fr.
338 4010 370 4060 36
384 4009 416 4058 D.
433 4013 455 4059 1.
469 4011 493 4058 u.
507 4009 550 4075 (de
562 4008 654 4074 legib.)

234 4096 262 4163 3)
281 4111 306 4146 v.
320 4095 477 4160 savigny,
495 4093 585 4161 Bmus
596 4109 705 4145 worm
717 4091 834 4158 'Zeitfdr
851 4090 1034 4158 Gesetzqeduorq
1047 4091 1105 4143 mad
1116 4091 1216 4144 Berua

179 4182 362 4248 rmaaemclrost.
380 4181 457 4232 1⁸15.
