3109 5292
666 543 707 610 dl

168 737 262 790 mura
272 721 318 786 sit
327 721 454 804 jrcstrrm:
470 721 598 802 quamsi
612 721 650 784 de
663 739 699 786 re
711 720 777 786 utili
791 721 960 786 definienda
973 723 1110 805 quaestio
1124 740 1205 805 aga·

169 832 230 888 tur.
253 824 289 888 ln
304 825 399 906 priori
414 843 488 888 casu
501 827 685 888 necessariis
699 825 879 906 quibusdam
890 828 1059 892 rationihus
1073 829 1206 910 probare

171 928 266 992 solet:
286 927 358 1010 quid
374 947 483 992 verum
498 929 630 1009 ideoque
643 931 756 1011 justurn
770 932 946 994 necessario
960 930 1052 996 ruodo
1066 939 1207 996 sumen-

172 1031 243 1096 dum
258 1033 297 1094 sit
302 1051 312 1108 ;
337 1033 367 1094 in
383 1033 429 1096 his
450 1033 488 1096 de
505 1049 543 1096 eo
559 1033 704 1114 disputat,
727 1041 827 1098 utrum
841 1051 895 1099 rea
914 1035 1015 1116 ahaua
1033 1037 1103 1118 plus
1118 1051 1207 1100 corn·

171 1135 253 1199 modi
265 1155 354 1217 worn
367 1137 540 1198 detrimenti
553 1136 673 1214 haheat,
684 1155 743 1199 uec
754 1139 818 1200 nei
832 1138 917 1218 lude,
929 1141 1051 1222 quattdo
1061 1159 1080 1205 a
1091 1158 1208 1204 sumnia

173 1241 305 1304 civitatis
321 1247 472 1322 potestate
491 1240 680 1322 reipublicae
701 1243 860 1307 commoda
880 1245 1004 1326 privatis
1019 1246 1132 1309 uostris
1146 1261 1208 1308 nc-

173 1345 366 1408 ocssitatihus
386 1345 507 1426 potiora
526 1345 642 1410 hahere
660 1347 819 1428 jubentur,
839 1366 879 1410 ne
897 1349 1035 1430 injuriam
1050 1350 1208 1432 pethaim,

172 1446 273 1512 donini
287 1449 358 1512 inde
374 1449 586 1532 contingendis
602 1451 754 1514 restitutio
768 1450 836 1514 lieri
850 1452 938 1515 solet

238 1549 280 1628 4)
294 1551 414 1616 Justiua
429 1561 559 1618 mautarn
574 1569 636 1616 non
649 1553 851 1618 beneficentia
865 1563 920 1618 aut
934 1557 1062 1622 munte
1076 1574 1134 1621 scu
1149 1558 1209 1621 hc-

173 1657 322 1738 nignitate
338 1653 438 1735 cerni',
458 1659 519 1739 Jam
535 1675 575 1720 er
592 1675 630 1721 co
645 1646 788 1740 apparet,
808 1659 891 1741 quod
910 1661 941 1723 in
960 1662 1114 1741 inimcos,
1132 1679 1209 1742 quos

173 1761 245 1826 odie
261 1762 491 1844 persequimur,
513 1771 544 1825 et
559 1763 589 1826 in
605 1763 710 1828 hostes
728 1765 829 1846 justos
843 1781 901 1828 nos
917 1782 988 1828 esse
1009 1765 1097 1828 odicii
1111 1767 1209 1830 nostri

173 1873 314 1948 puhmus
331 1871 362 1928 et
381 1866 463 1948 quod
482 1875 602 1932 certum
623 1875 685 1947 cst,
706 1885 775 1932 eum
795 1870 848 1949 qul
867 1869 1048 1933 heneficium
1064 1870 1098 1932 in
1117 1869 1208 1932 aliurn

173 1970 352 2049 contulerit,
368 1970 439 2051 plus
450 1989 539 2052 pram
553 1971 637 2052 quod
652 1988 759 2036 norma
774 1974 851 2056 justi
865 1973 1065 2056 praecipitur,
1084 1973 1129 2036 illi
1148 1973 1208 2037 tri·

173 2075 274 2154 haere
292 2075 401 2138 videri

234 2179 437 2260 ciuemque
447 2179 592 2262 justitiam
608 2181 777 2262 primariam
795 2191 828 2246 et
841 2199 935 2264 super
950 2182 1049 2245 omnia
1063 2181 1208 2246 urinum

175 2301 294 2366 genera
308 2283 471 2350 tollendam
487 2301 572 2360 esse,
596 2301 701 2348 omnes
721 2284 858 2349 homines
879 2302 941 2349 una
955 2294 1057 2350 utente
1072 2303 1208 2350 consen·

174 2391 267 2454 dunt:
287 2390 474 2472 praecipitur
494 2389 575 2452 enim
595 2399 697 2469 recta,
718 2409 798 2472 quae
816 2391 905 2453 nohis
918 2392 1100 2472 ingenerata
1115 2407 1134 2452 a
1148 2408 1208 2453 na·

175 2502 244 2558 tura
258 2502 318 2572 cst,
333 2495 450 2558 ratione
461 2495 659 2576 omnibusque
672 2494 880 2578 religionibus.
903 2492 989 2556 Unde
996 2493 1116 2574 iupiter
1129 2491 1209 2574 apud

174 2597 313 2662 Graecos
328 2616 462 2663 summus
477 2589 655 2672 δικασπόλος
671 2608 729 2678 est,
745 2617 782 2662 ac
794 2598 883 2677 Dihe,
898 2597 984 2661 ioris
998 2615 1036 2660 ac
1051 2595 1209 2660 Themidos

175 2703 252 2780 iilia,
268 2703 463 2768 seuerissima
478 2711 526 2766 est
540 2704 670 2768 sceleris
684 2703 794 2780 ultrix,
809 2719 904 2784 quae,
923 2709 958 2764 ut
970 2702 1011 2764 ait
1024 2700 1210 2782 Aeschylus,

175 2806 295 2889 glad-io,
317 2808 354 2869 ah
372 2808 441 2890 ipso
462 2807 535 2871 Fato
556 2816 662 2887 acuto,
683 2809 836 2872 hominnm
858 2806 1080 2870 sceleratorum
1101 2814 1210 2887 pactos

174 2909 353 2990 transfodit,
376 2929 574 2993 semperque,
595 2913 654 2974 etsi
668 2929 755 2990 sera,
775 2912 909 2973 aPccna
928 2910 1067 2974 comitata
1087 2909 1210 2991 impium

175 3015 276 3096 punit,
296 3022 328 3078 at
342 3015 393 3097 pio
414 3016 555 3096 bonoque
577 3017 687 3080 homini
707 3018 846 3080 meritum
866 3017 1033 3098 praecium
1052 3015 1210 3096 persolvit

175 3117 352 3198 Eodemque
379 3117 468 3181 modo
492 3119 675 3183 christianae
703 3120 859 3202 religionis
886 3128 934 3182 est
957 3119 1085 3204 dogma,
1115 3118 1211 3182 Deum

176 3239 324 3286 summurn
348 3223 485 3285 universi
507 3223 610 3286 mundi
633 3241 704 3287 csse
723 3223 874 3305 judicem,
897 3223 1034 3286 homines
1056 3223 1211 3306 improbos

177 3328 283 3408 poenis
300 3325 503 3405 adicientem,
525 3327 621 3390 honos
636 3328 772 3409 praemio
788 3335 936 3390 aeternae
948 3325 1142 3400 beatitudinis
1155 3343 1211 3389 rc·

176 3439 393 3504 munerantens.
516 3477 519 3480 .

219 3603 222 3610 ,
243 3535 423 3600 Rectissiruc
434 3536 539 3598 aetais
552 3543 676 3598 nostrae
689 3533 860 3615 philosophi
873 3534 1094 3611 disseruerunt,
1105 3549 1211 3596 omncs

176 3639 331 3719 homines,
347 3640 426 3702 sicut
440 3638 478 3702 ad
493 3639 661 3702 libertatem
676 3644 764 3700 natos
780 3655 852 3701 esse
867 3655 902 3702 se
917 3638 1104 3715 existimant,
1123 3637 1165 3700 ita
1180 3643 1212 3698 et

177 3745 269 3824 alios,
291 3753 399 3808 natura
415 3744 490 3826 ipsis
505 3743 666 3826 aequales,
686 3751 719 3806 ut
734 3743 841 3807 cadem
856 3741 1030 3824 legonatus
1043 3746 1211 3804 timoren

177 3855 261 3912 recta
276 3849 394 3912 ratione
409 3856 501 3928 atque
515 3847 701 3911 conscientia
714 3855 745 3908 et
760 3848 882 3909 sincero
893 3845 1030 3909 aeduus
1040 3861 1135 3908 seusu
1150 3843 1211 3906 do·

178 3952 252 4015 ceri.
288 3951 377 4024 Quod
396 3952 598 4016 certissimum
618 3959 725 4032 atquc,
746 3957 781 4013 ut
799 3949 929 4027 dicitur,
951 3967 969 4010 a
988 3948 1086 4030 priori
1104 3965 1212 4011 vernn

178 4071 252 4118 esse
266 4055 394 4132 scimus,
417 4055 505 4118 sicuti
521 4055 702 4118 conharianr
724 4053 835 4137 agendi
854 4069 990 4116 normam
1008 4051 1116 4116 lalsann
1125 4051 1212 4136 jud·

177 4158 304 4224 undant
319 4175 421 4242 coque
435 4158 632 4241 rejiciendam
648 4173 719 4222 esse
733 4157 815 4220 inter
829 4170 936 4222 onnes
950 4162 1081 4221 condat
1136 4154 1141 4172 '
1202 4198 1205 4206 -
