3109 5292
836 557 901 624 tte

349 738 481 821 populos
496 755 655 819 peraeque
670 737 882 815 inveniuntur,
905 744 937 800 et
946 737 1027 819 Juris
1042 737 1276 819 gentionem,
1301 736 1395 800 ideo-

350 861 411 924 que
433 843 665 906 necimmerito
691 843 848 906 naturales
879 841 1000 906 dominii
1024 842 1203 922 acquirendi
1222 840 1306 906 modi
1331 859 1395 905 vo-

351 955 467 1010 cantur.
507 945 601 1029 Cujus
615 948 663 1009 rei
679 965 774 1018 causa
791 945 888 1010 facilis
904 955 953 1010 est
968 946 1134 1010 intellectu.

416 1051 555 1114 Dominio
564 1052 643 1114 enim
653 1051 766 1132 ubique
776 1069 817 1114 cx
825 1052 1007 1116 necessitate
1024 1051 1176 1114 boninum
1193 1069 1264 1116 esse
1281 1059 1393 1114 exortu

349 1155 438 1218 facile
453 1155 648 1237 intelligitur:
672 1175 741 1219 narn
756 1157 822 1218 sine
838 1157 875 1218 iis
890 1173 980 1218 nemo
997 1157 1134 1234 viveret,
1155 1164 1187 1220 et
1208 1173 1314 1218 ornnes
1330 1155 1392 1218 bo-

349 1260 445 1322 mines
461 1261 553 1323 vitain
569 1259 756 1323 sustentandi
771 1261 893 1323 stimulo
910 1259 987 1324 adeo
1004 1262 1175 1339 incitantur,
1185 1268 1219 1322 ut
1233 1277 1391 1324 raro-sese

304 1347 308 1355 ¹
348 1367 425 1428 mori
450 1367 610 1446 patiantur.
638 1365 698 1429 Sed
720 1365 854 1429 infinitos
877 1367 953 1428 oriri
977 1365 1151 1428 collisiones
1172 1383 1222 1426 ex·
1236 1381 1391 1428 concursu

348 1470 478 1553 plurium
499 1470 538 1533 ad
562 1470 688 1533 eundern
705 1489 781 1548 rem,
806 1490 884 1553 quoe
900 1470 1038 1536 omnibus
1063 1471 1203 1534 sullicere
1228 1487 1287 1532 non
1313 1485 1391 1550 pos-

347 1578 387 1639 sit
410 1575 456 1652 ¹),
497 1577 602 1638 variae
633 1593 745 1641 causon
771 1595 828 1658 pro
855 1577 975 1640 dominii
1006 1574 1253 1654 acquisitionibus
1285 1572 1390 1636 baberi

142 1721 149 1734 ·
264 1754 265 1757 Ἴ
347 1688 475 1761 coeptae
500 1687 584 1742 sunt:
606 1686 641 1742 ut
664 1680 710 1741 rei
730 1699 845 1744 vacuae
871 1681 1046 1763 occupatio,
1072 1679 1129 1741 soli
1151 1679 1288 1756 culture,
1312 1695 1390 1755 sors,

346 1785 435 1846 immo
457 1791 488 1845 et
508 1782 619 1846 bellica
635 1785 798 1863 occupatio
813 1783 872 1859 (l)
894 1803 972 1866 quae
993 1783 1145 1863 hodieque
1161 1785 1233 1864 jure
1252 1783 1390 1865 gentium

346 1888 593 1969 politissimarum
613 1888 777 1969 probatur:
801 1887 873 1950 inde
895 1895 981 1952 recte
1003 1885 1113 1950 Cicero
1134 1889 1163 1949 in
1180 1887 1247 1949 loco
1268 1903 1389 1950 meno·

345 1992 434 2056 rabili
449 1992 501 2055 illo
516 1991 575 2065 (de
591 1991 649 2055 ott.
666 1992 688 2071 l,
705 1990 770 2066 7.):
796 1999 872 2052 suast
888 1998 1004 2067 atatem,
1026 1993 1131 2073 inquit,
1152 1994 1283 2067 privato
1300 1993 1389 2052 nulla

344 2104 481 2174 nome,
504 2102 561 2157 aed
587 2104 646 2158 ortt
666 2098 765 2158 ceteri
790 2099 1006 2174 occupatione,
1035 2103 1071 2158 nt
1099 2098 1151 2174 qni
1180 2100 1335 2175 spuendorn
1357 2095 1389 2154 in

344 2219 446 2261 caeno
468 2206 639 2275 censerent,
665 2207 722 2262 ont
738 2202 884 2277 uictoria,
899 2209 937 2264 nt
951 2205 1003 2281 qni
1020 2205 1097 2264 belle
1113 2202 1206 2280 patiti
1219 2208 1307 2276 stent,
1332 2204 1389 2262 ortt

344 2307 421 2379 iope,
435 2308 597 2380 pactione,
614 2307 801 2380 conditione,
817 2315 913 2369 sorte.
1396 2298 1400 2306 ⁵

409 2408 449 2472 Et
466 2417 553 2472 recte
577 2419 701 2472 veteres
717 2411 929 2493 jurisconsulti
947 2414 1018 2495 jure
1041 2412 1175 2494 gentiunt
1191 2408 1324 2474 dominia
1339 2405 1388 2470 di·

344 2513 453 2575 stincta
468 2531 541 2578 esse
559 2515 680 2592 docent,
696 2516 715 2576 i.
732 2535 759 2578 e.
776 2533 815 2578 eo
826 2516 908 2598 jure,
920 2514 1001 2596 quod
1018 2515 1162 2578 naturalis
1177 2514 1255 2578 ratio
1271 2528 1387 2594 perue-

317 2684 319 2687 ,
341 2636 405 2699 quc
420 2618 502 2700 apud
517 2638 625 2683 omnes
635 2626 745 2702 gentes
755 2620 915 2684 constituit.
939 2619 1091 2699 Sequitur,
1107 2617 1264 2682 naturales
1280 2617 1388 2698 ecqui·

342 2723 432 2786 rendi
448 2726 594 2803 rabones,
611 2743 688 2805 quoe
704 2744 731 2786 v.
743 2744 772 2806 g.
788 2724 868 2807 apud
878 2723 983 2808 GeJurn
994 2724 1015 2803 l,
1026 2729 1055 2796 s.
1064 2723 1105 2784 65
1115 2741 1179 2804 seq.
1187 2723 1388 2798 nominentur,

345 2845 406 2892 non
421 2847 460 2890 eo
475 2847 568 2892 sensu
584 2829 740 2892 naturales
756 2831 972 2911 acquisitiones
988 2829 1049 2893 dici
1065 2828 1197 2905 debere,
1218 2844 1280 2907 quo
1296 2823 1387 2889 bodie

345 2933 483 2996 eschola
501 2933 649 2996 Kantiana
673 2935 772 3015 eceipi
795 2935 908 2998 solent:
930 2932 985 2998 sed
1005 2933 1108 3013 potius
1128 2949 1185 3012 pro
1209 2927 1387 3011 acquirendi

345 3039 445 3101 causis
460 3055 531 3100 esse
553 3035 724 3115 habendas,
749 3057 829 3118 quae
850 3039 887 3100 ab
911 3038 1049 3102 omnibus
1072 3037 1193 3119 populis
1208 3042 1243 3098 ut
1257 3033 1387 3098 naturali

341 3142 488 3222 sequituti
511 3149 564 3204 aut
578 3141 636 3222 ipsi
647 3161 754 3206 rerum
770 3150 896 3206 naturae
917 3149 1142 3206 consentaneae
1162 3140 1331 3222 probantur
1347 3137 1386 3212 ²).

346 3244 565 3324 bueconem,
586 3264 676 3326 quam
697 3249 786 3312 modo
811 3248 1008 3328 exposuimus
1034 3247 1187 3324 doctrine,
1215 3245 1253 3308 ab
1280 3260 1386 3306 eorum

346 3349 488 3431 opinione
509 3349 672 3429 plurimun
689 3352 801 3431 differt,
818 3353 870 3432 qui
890 3352 1092 3414 conventione
1112 3350 1242 3414 doncuria
1266 3349 1387 3412 consti-

347 3461 410 3516 tuto
427 3471 497 3516 esse
514 3453 617 3518 dicant
632 3473 793 3534 essenon,
814 3455 901 3537 quasi
916 3473 1021 3518 rerum
1038 3456 1168 3520 dorninia
1185 3455 1388 3519 conventione

347 3559 448 3640 alique
469 3560 550 3623 inter
570 3561 708 3643 singulos
723 3561 820 3624 divisa
842 3560 986 3639 luissent,
1006 3579 1072 3623 nana
1094 3578 1154 3622 non
1174 3561 1240 3642 ipss
1256 3558 1388 3624 dominia

346 3667 426 3730 inter
441 3667 580 3748 privatos
597 3667 747 3729 communi
764 3682 917 3728 consensu
934 3665 1029 3728 divisa
1044 3683 1116 3728 esse
1131 3671 1289 3747 putemus,
1310 3663 1389 3738 (boc

403 3854 428 3920 l)
447 3855 697 3918 pattendorntv,
710 3860 734 3905 4.
748 3859 771 3920 5.
781 3859 804 3907 6.
824 3855 977 3918 Pertalis,
990 3872 1016 3923 p.
1024 3855 1172 3914 368-369,
1198 3854 1296 3906 lisdem
1309 3869 1387 3920 ergu-

347 3943 449 4004 mentis,
470 3940 567 4007 quibus
580 3960 640 4007 nos,
658 3949 684 3993 et
697 3944 798 3994 clariss.
811 3943 935 3994 Abrens
949 3942 1085 4008 vulgarem
1098 3942 1130 3992 de
1142 3941 1262 4006 legitimo
1277 3940 1387 3992 dominii

347 4027 518 4078 fundamento
537 4032 690 4096 opinionem
703 4031 869 4096 impugnavit
882 4031 910 4082 in
923 4045 971 4082 suo
986 4029 1055 4081 libro
1071 4037 1097 4082 ct
1111 4032 1139 4081 in
1158 4029 1312 4096 germanica
1330 4029 1386 4094 eJu't

349 4113 471 4165 editione.
496 4117 616 4167 Viennae
630 4120 706 4167 1852.
725 4134 750 4184 p.
764 4121 815 4167 447
829 4133 884 4184 seq.

401 4199 429 4268 t)
448 4201 554 4268 (iujos,
572 4203 607 4254 11.
625 4206 650 4268 ἦ.
669 4205 712 4256 69.
813 4255 816 4260 .
