3109 5292
641 602 705 680 147

157 783 231 864 quid
245 791 432 866 praestatur,
456 783 550 848 veluti
570 799 639 846 eum
653 785 755 865 jactus
773 784 849 847 retis
872 782 981 849 emitur
1002 790 1052 849 aut
1071 784 1196 852 sortium

157 887 258 966 aleae,
274 895 327 952 aut
342 889 369 963 si
384 907 451 952 cum
467 887 527 956 alio
542 887 665 964 luditur,
679 893 733 951 aut
747 887 872 968 sponsio
888 886 928 950 iit
1197 885 1199 890 '

227 989 300 1054 tto.
325 992 484 1056 Tollantur
507 991 711 1074 obligationes
737 999 790 1054 aut
811 1010 879 1056 cum
907 993 1051 1058 creditori
1075 991 1198 1060 satisfiat

158 1096 324 1176 solutione,
339 1099 369 1161 in
384 1097 523 1160 solutum
534 1096 670 1176 dadone,
689 1096 850 1160 novatione
866 1096 885 1158 i.
902 1114 929 1160 e.
945 1097 1061 1160 ueteris
1076 1096 1197 1180 obliga·

158 1202 249 1267 donis
262 1203 294 1264 in
303 1220 414 1265 novam
430 1202 623 1266 translatione
639 1210 671 1266 et
686 1201 900 1280 transfusione,
911 1209 963 1267 aut
977 1201 1070 1266 debiti
1085 1200 1197 1264 remis·

159 1306 259 1384 mnne,
279 1307 496 1383 transactione,
517 1307 670 1372 existente
687 1306 858 1370 conditione
875 1325 947 1388 qua,
963 1307 1019 1370 sub
1035 1306 1199 1374 resolvitur

161 1411 336 1489 conventio,
352 1403 425 1474 item
440 1409 500 1490 die,
516 1411 554 1474 ad
565 1430 657 1492 quem
671 1412 744 1474 inita
760 1418 816 1490 est,
832 1411 986 1489 veniente,
1002 1418 1053 1474 aut
1067 1410 1198 1492 denique

160 1533 228 1585 cum
243 1515 439 1597 impossibilis
454 1515 534 1580 lacta
548 1517 589 1580 sit
606 1515 653 1581 rei
668 1514 868 1598 praestandae
884 1515 1005 1593 solutio,
1022 1522 1053 1578 et
1069 1515 1199 1596 quibus·

160 1617 229 1686 dana
243 1619 275 1684 in
291 1621 415 1684 casibus
430 1627 528 1686 morte
544 1619 691 1684 debitoris
706 1628 760 1684 aut
774 1617 938 1682 creditoris
954 1620 1159 1702 contingente.

571 1858 725 1910 curua
743 1857 786 1908 a.

523 1971 568 2042 ite
583 1970 657 2060 jure
678 1969 825 2041 omibus.

230 2149 303 2212 tlt.
325 2150 365 2214 Ut
390 2168 490 2234 genus
517 2150 679 2214 bumauum
707 2156 947 2215 conservaretur
969 2157 1000 2211 et
1022 2167 1077 2230 per
1105 2156 1201 2224 totum

162 2262 316 2319 terraram
332 2255 437 2318 orbem
453 2262 691 2337 propagaretur,
706 2262 813 2317 natura
829 2253 940 2316 homini
956 2269 1084 2317 sexuum
1100 2271 1201 2335 appe·

161 2360 298 2424 titionem
314 2367 453 2440 manuam
469 2367 625 2423 aeternam
640 2358 743 2441 legem
763 2360 967 2442 ingeneravit:
991 2375 1049 2438 qua
1067 2357 1201 2422 descan-

161 2462 207 2527 dit
220 2465 314 2528 maris
324 2472 356 2526 et
364 2463 495 2528 feminae
510 2463 685 2545 conjunctio
695 2470 727 2526 et
735 2462 910 2526 liberorum
920 2463 1094 2544 procreatio
1110 2469 1202 2544 atque

162 2567 313 2632 educatio.

230 2672 314 2736 llaec
335 2672 404 2749 lex,
426 2679 460 2734 ut
472 2673 535 2753 jam
551 2671 693 2749 diximus,
714 2689 775 2733 non
796 2671 916 2734 humani
935 2671 1061 2753 generis
1076 2671 1202 2751 propriu

163 2783 227 2857 est,
251 2775 309 2844 sed
330 2777 461 2839 omnium
476 2777 669 2841 animantium
691 2777 801 2849 (immo
818 2783 849 2838 et
863 2775 1111 2859 vegetabilium:
1135 2791 1201 2839 catu

164 2897 222 2963 per
237 2886 330 2944 totam
343 2886 481 2944 naturam
497 2896 554 2962 per
569 2879 739 2962 generandi
760 2880 913 2943 stimulum
934 2878 1097 2942 individuis
1112 2879 1202 2944 inua-

161 2991 228 3047 tum
248 2983 472 3061 efficiatumne
495 3001 613 3066 genera
633 2985 811 3066 depereant.
841 2983 975 3064 Ideoque
994 2989 1119 3046 veteres
1142 2970 1203 3049 nott

161 3090 316 3157 mrito
332 3089 550 3153 matrimonium
562 3089 640 3170 juris
655 3089 801 3155 naturalis
818 3106 888 3152 esse
903 3085 1093 3163 dixeruntl).
1109 3087 1203 3155 Tanta

164 3201 267 3259 autem
283 3201 333 3256 est
347 3194 394 3255 vis
410 3200 442 3254 et
455 3200 592 3274 potestas
608 3193 696 3276 lmjus
711 3192 901 3276 cupiditatis,
922 3199 955 3254 ut
970 3191 1041 3254 licet
1064 3190 1201 3268 boaniueo

163 3314 226 3365 aon
246 3299 389 3380 ignorent
408 3313 505 3361 onera
523 3305 555 3358 et
574 3296 754 3376 infortunia,
773 3315 854 3378 quae
876 3314 916 3357 ex
940 3295 1105 3360 liberorum
1126 3311 1203 3376 prov

163 3402 325 3467 ‚cambone
333 3417 560 3480 saepenumero
574 3402 723 3477 oriuntur,
733 3399 925 3463 nibilominus
939 3398 1118 3461 matrimonii
1133 3398 1204 3460 via·

166 3505 237 3568 culo
252 3505 444 3586 copulentur.

160 3651 163 3656 -
233 3606 289 3670 Est
310 3615 411 3672 autem
434 3615 535 3672 mutua
555 3623 685 3671 sexuum
711 3609 793 3690 apud
817 3609 953 3673 immines
982 3607 1118 3670 attractio
1145 3621 1204 3670 nou

163 3729 263 3775 caeca
277 3711 426 3793 quaedam
443 3711 576 3774 coeundi
591 3711 718 3793 cupido,
739 3729 817 3793 quse
834 3711 955 3792 expleti
972 3709 1127 3789 voluptate
1142 3725 1203 3774 ett-

167 3818 332 3900 unguitur:
349 3815 405 3882 sed
420 3815 612 3898 conjungitur
628 3834 696 3878 eum
713 3824 815 3879 mutua
830 3815 997 3877 animorum
1013 3813 1090 3876 inter
1107 3812 1204 3876 viratu

167 3929 199 3989 ct
227 3938 360 3989 uxorem
389 3919 594 4001 propensione
623 3938 661 3982 ac
690 3917 904 3982 benevolentia
933 3923 1094 3997 perpetua,
1110 3933 1203 3996 -ouao

168 4026 280 4088 amoris
300 4041 411 4086 numen
432 4023 552 4103 aceepit
567 4028 599 4084 et
614 4023 712 4085 omnis
727 4008 806 4085 ritae
827 4021 1011 4083 consortium
1032 4021 1112 4082 inter
1126 4036 1204 4082 con-

167 4161 391 4302 -Mr——l-dr
406 4233 433 4281 3.
452 4229 520 4295 o.1,
541 4234 564 4283 1.
583 4229 628 4304 (dc
642 4229 748 4296 justitia
766 4233 793 4281 et
807 4229 886 4296 jure.)
921 4312 989 4380 1⁰*
