3109 5292
746 511 871 622 'aa

337 738 507 822 principum
521 736 647 802 naturali
662 737 734 822 iure
749 753 809 800 non
823 733 1004 818 praevalere
1018 733 1132 799 debere
1150 739 1307 816 receptum
1323 731 1362 812 ¹).

335 841 410 907 lnde
426 852 457 906 et
475 844 731 921 „aacerdotinm“
745 843 921 920 „imperio“
935 842 1029 924 majus
1045 840 1224 918 habebatur3
1246 848 1361 905 etcum

337 957 446 1031 postea
468 957 528 1014 tota
551 947 682 1014 ecclesia
704 948 865 1012 christiana
888 967 905 1010 a
926 963 1051 1010 romano
1072 945 1212 1030 pontifice
1232 945 1363 1010 maximo

337 1055 423 1137 quasi
443 1071 460 1117 a
476 1053 586 1118 Christi
605 1055 722 1119 vicario
741 1061 920 1138 regeretur,
944 1070 961 1115 a
980 1055 1046 1130 tege
1060 1051 1276 1115 ecelesiastica
1290 1059 1362 1115 tan·

335 1177 425 1241 quam
449 1158 550 1222 divina
572 1163 732 1222 mundano
755 1159 808 1222 lex
833 1157 974 1240 superari
998 1159 1064 1220 visa
1088 1164 1151 1236 est,
1180 1152 1362 1239 praesertim

335 1272 494 1347 postquam
515 1264 566 1327 ille
584 1263 694 1330 Carolo
710 1264 822 1348 Magno
840 1263 1034 1345 Imperatoris
1052 1263 1228 1348 dignitatem
1248 1263 1362 1328 detulit.

402 1368 595 1436 Conantem
616 1373 733 1434 interea
755 1371 922 1435 litterarum
943 1370 1043 1435 studia
1063 1370 1132 1434 lere
1155 1371 1253 1435 omnia
1272 1372 1363 1454 jace·

335 1481 418 1556 rent,
441 1476 630 1560 philosophia
647 1477 844 1558 omnibusque
859 1477 947 1539 bonis
966 1477 1082 1541 artibus
1102 1485 1241 1558 unquam
1262 1493 1281 1539 e
1299 1477 1363 1539 rita

335 1581 477 1660 sublatis,
500 1588 569 1644 ante
591 1582 725 1645 conditas
743 1580 998 1646 Scholasticorum
1015 1582 1135 1646 scholas
1154 1581 1360 1665 philosophica
1474 1603 1480 1620 *

331 1687 410 1771 juris
431 1687 569 1750 doctrina
589 1687 729 1771 neglecta
749 1695 805 1750 est
835 1684 895 1750 Sed
912 1702 983 1749 mox
1001 1703 1038 1750 ea
1057 1688 1253 1766 tractabatur,
1276 1687 1362 1750 acsi

336 1790 474 1857 doctrind
490 1791 529 1855 de
544 1792 691 1872 moribus,
714 1811 802 1874 quatu
818 1789 946 1854 ethicam
961 1809 1122 1872 vocamus,
1145 1794 1360 1871 contineretur,

335 1906 427 1980 atoue
446 1917 464 1961 a
485 1896 664 1962 duodecimo
684 1898 756 1962 inde
776 1896 902 1962 saeculo
924 1915 985 1961 non
1007 1897 1104 1962 solum
1125 1896 1361 1981 disceptationes

334 2001 374 2067 de
391 2004 505 2088 justitia
524 2005 692 2084 institutae,
715 2003 771 2069 sed
787 2004 1034 2086 etiam-politicae
1056 2004 1237 2069 christianae
1256 2012 1361 2087 syste-

335 2117 428 2190 mata,
456 2128 534 2192 quae
554 2119 719 2188 vocantur,
746 2117 816 2174 sunt
836 2108 961 2191 prolata.
1005 2109 1086 2173 later
1107 2127 1227 2189 omnes,
1251 2110 1301 2191 qui
1321 2107 1362 2171 da

333 2217 381 2281 his
409 2218 615 2299 seripserunt,
654 2216 784 2298 primum
814 2215 911 2278 locum
939 2216 1053 2279 obtinet
1080 2213 1205 2279 Sanetus
1232 2214 1361 2277 Thomas

334 2326 375 2399 (†
398 2320 517 2402 1274),
547 2324 598 2406 qui
622 2323 652 2386 in
676 2321 795 2387 Summa
818 2321 991 2405 theologiae
1013 2320 1052 2388 de
1072 2321 1146 2404 justi
1170 2337 1207 2382 ac
1226 2319 1360 2402 justitiae

333 2430 450 2493 ratione
465 2446 525 2492 non
540 2427 638 2491 solum
655 2429 848 2492 subtilissime
864 2423 1078 2511 disputavit⁸)‚
1100 2424 1155 2490 sed
1171 2425 1259 2489 etiam
1274 2433 1361 2488 trao-

333 2541 425 2598 tatum
446 2533 539 2598 edidit
558 2539 596 2596 de
616 2535 765 2612 regimine
783 2534 975 2611 armatam
1000 2535 1030 2596 in
1050 2550 1110 2615 quo
1129 2549 1248 2596 omnem
1268 2537 1360 2612 pote·

244 2703 246 2706 .
333 2647 440 2703 statem
457 2658 475 2702 a
490 2638 555 2702 Deo
572 2657 642 2703 esse
657 2639 759 2703 docet.
789 2637 898 2703 Statuit
912 2645 1011 2702 autern
1025 2637 1154 2702 Thomas
1169 2655 1237 2702 cum
1252 2633 1361 2699 Sancto

332 2744 503 2830 Augustino
514 2744 614 2828 legem
629 2751 793 2824 aeternam,
814 2761 892 2826 quae
909 2750 956 2807 est
970 2745 1047 2806 ratio
1061 2745 1146 2826 quasi
1162 2741 1361 2825 gubernatrix

332 2851 424 2915 totius
439 2852 574 2914 universi
590 2859 622 2913 et
642 2851 672 2914 in
687 2859 788 2915 mente
804 2849 904 2913 divina
920 2849 1072 2926 existens,
1095 2865 1174 2930 quae
1190 2863 1250 2910 non
1264 2845 1362 2928 possit

333 2957 460 3038 cuipiam
477 2955 658 3040 intelligenti
673 2974 733 3020 non
747 2954 994 3020 incommutabilis
1009 2960 1196 3034 aeternaque
1211 2947 1360 3027 viderit).

333 3061 409 3124 Nam
424 3069 457 3124 et
475 3061 506 3124 in
525 3061 692 3126 hominibus
712 3062 764 3124 lex
785 3068 834 3123 est
847 3060 993 3142 quaedam
1008 3060 1166 3139 naturalis,
1190 3077 1262 3141 qua,
1285 3074 1360 3139 par-

332 3167 424 3250 ticipe
439 3157 667 3250 tanquam'legis
683 3174 838 3246 aeternae,
853 3165 962 3230 honum
977 3173 1008 3228 et
1023 3165 1132 3228 malurn
1146 3163 1360 3238 discernimus3
1468 3253 1470 3256 ι

334 3279 365 3335 et
380 3271 455 3335 haec
470 3271 589 3352 quidem
609 3271 688 3356 legis
707 3280 849 3336 aeternae
864 3272 1065 3355 participatio,
1085 3289 1145 3352 qua
1160 3270 1260 3333 lumen
1275 3269 1362 3350 quasi

333 3375 463 3440 divinum
479 3375 643 3440 infunditur
664 3379 769 3442 animis
786 3360 918 3458 nostris,
943 3380 995 3443 lex
1011 3378 1157 3442 naturalis
1177 3378 1208 3441 in
1224 3377 1362 3442 rationali

334 3489 473 3545 ereatura
489 3481 605 3546 dicitur.
635 3483 783 3561 „Praeter
799 3493 952 3549 aeternam
969 3493 1000 3548 et
1014 3484 1182 3550 naturalem
1198 3483 1299 3568 legem
1314 3489 1362 3546 eat

333 3587 386 3653 lex
400 3587 544 3670 quaedam
559 3588 596 3651 ab
611 3588 784 3653 hominibus
797 3591 930 3669 inventa,
953 3590 1119 3657 secundum
1134 3608 1222 3673 quarn
1238 3592 1270 3653 in
1284 3606 1360 3673 par-

333 3693 453 3760 ticulari
465 3693 674 3777 disponuntur,
694 3712 769 3777 quae
781 3697 812 3759 in
824 3697 896 3780 lege
908 3703 1033 3761 naturae
1048 3696 1248 3761 continentur.
1267 3693 1359 3759 ldeo·

334 3818 392 3884 que
405 3801 436 3864 iu
447 3800 502 3863 hac
515 3801 680 3878 temporali
692 3801 761 3887 lage
773 3803 847 3867 nihil
860 3810 908 3867 est
915 3804 1030 3886 justam
1041 3820 1077 3866 ao
1089 3802 1265 3886 legitimum,
1280 3798 1360 3883 quod

335 4113 338 4117 .
371 4061 416 4129 .l)
432 4062 501 4114 Diet.
519 4063 565 4114 IX
585 4079 607 4114 c.
630 4068 651 4114 l.

387 4149 414 4217 2)
434 4149 487 4200 cfr.
505 4150 702 4204 Schmaussium
719 4168 745 4219 p.
766 4154 823 4202 100.
841 4166 881 4218 sq,

387 4239 414 4305 3)
433 4237 540 4288 Summa
555 4238 646 4290 Theoi.
662 4237 683 4301 1,
697 4241 720 4288 2.
740 4237 847 4300 omma.
864 4239 925 4302 9,1.
942 4241 995 4290 aot.
1013 4241 1036 4289 1.
1050 4240 1073 4288 2.
1091 4233 1243 4294 Schmws.
1260 4251 1287 4304 p.
1301 4237 1359 4287 101.
