3109 5292
666 577 710 654 tt

167 767 280 848 cipiunt
305 774 365 830 est:
397 767 496 829 omnin
522 767 633 830 bomini
656 769 806 849 permissa
834 775 921 846 sunt,
952 785 1032 848 quae
1053 782 1207 850 personae

161 868 342 952 dignitatern
359 871 390 932 in
405 871 472 933 aliis
487 886 546 934 non
562 870 700 948 laednnt3
723 887 785 952 quo
804 872 851 949 iit,
872 879 906 935 ut
924 871 1056 936 omniurn
1071 871 1153 935 inter
1169 888 1205 935 se

163 973 293 1036 libertos
308 981 450 1038 constare
468 975 572 1055 possit.

237 1079 344 1154 brier,
366 1078 474 1160 philos.
490 1078 567 1161 proi.
583 1080 737 1143 lenensis:
761 1079 888 1161 quilibet
900 1078 990 1142 borno
1006 1087 1132 1163 propter
1147 1079 1209 1142 bn·

166 1182 349 1260 manitatem,
364 1200 445 1262 quae
462 1183 491 1244 ei
507 1191 570 1262 eat,
591 1185 641 1248 vel
658 1187 806 1248 rationem
823 1185 949 1266 propria
965 1184 1111 1267 dignitate
1126 1181 1207 1247 irni-

168 1291 231 1361 tur,
248 1293 279 1348 et
293 1285 349 1347 sibi
365 1285 431 1366 ipse
448 1285 515 1349 finis
538 1295 593 1350 est.
631 1289 764 1370 Ideoque
787 1291 812 1353 si
834 1289 940 1372 plures
961 1289 1099 1352 homines
1119 1306 1208 1352 cotn-

166 1390 313 1452 munitate
328 1390 409 1452 uitae
426 1393 574 1454 contineri
588 1393 751 1474 incipiunt,
772 1394 886 1476 singuli
900 1409 936 1455 se
955 1394 1085 1456 invicem
1100 1400 1134 1456 ut
1149 1409 1207 1456 ae·

168 1494 276 1574 quales
292 1501 426 1557 tractare
447 1494 575 1572 debent;
599 1498 670 1561 inde
693 1499 903 1579 unusquisque
925 1515 1030 1560 eorum
1046 1500 1097 1580 juo
1116 1497 1208 1560 babet

167 1597 345 1678 postulandi
361 1599 400 1660 ab
416 1600 523 1678 altero,
539 1609 573 1664 ut
589 1602 725 1682 aequatis*
739 1601 776 1664 ab
793 1619 831 1664 eo
847 1609 1043 1684 agnoscatur.

236 1707 366 1776 Drorte,
386 1705 447 1786 Jur.
471 1704 551 1786 prol.
575 1705 759 1769 bonnensis:
783 1707 872 1769 bomo
896 1713 1025 1788 propter
1046 1707 1206 1783 rotionern,

168 1821 229 1884 qua
244 1804 399 1886 praeditus
417 1815 480 1885 est,
499 1810 550 1891 jus
566 1809 666 1889 babet,
687 1811 785 1872 omnia
800 1809 876 1872 laeta
892 1816 998 1872 contra
1014 1825 1050 1872 se
1066 1807 1206 1886 admissa,

169 1911 280 1990 quibus
296 1913 422 1992 propria
437 1912 496 1993 ipsi
512 1911 643 1996 dignitas
660 1921 921 1992 contemneretur,
944 1919 976 1974 et
997 1929 1053 1975 sun
1073 1927 1206 1993 persona
1224 1973 1228 1980 .

168 2021 310 2095 tanquam
324 2031 378 2076 res
394 2023 447 2077 aut
463 2016 594 2080 medium
611 2024 806 2095 tractaretur,
821 2035 879 2100 per
892 2017 953 2077 vim
969 2013 1147 2096 repellendi,
1169 2031 1207 2078 eu

167 2133 248 2181 vero
272 2120 370 2182 omnia
392 2118 540 2200 faciendi,
567 2123 676 2203 quibus
699 2122 829 2187 bumana
852 2119 981 2204 dignitas
1002 2120 1034 2181 in
1057 2118 1125 2181 aliis
1146 2134 1233 2180 non‘

168 2223 310 2286 violatur.
417 2214 420 2220 ’

235 2325 343 2407 Neque
367 2336 464 2390 umen
488 2331 619 2392 omnium
646 2329 754 2391 borum
778 2335 936 2393 auctorum
959 2326 997 2388 de
1020 2326 1113 2407 buJut
1140 2325 1207 2388 sola

168 2431 288 2494 ntione
304 2433 458 2495 constituti
474 2433 552 2515 juris
569 2434 716 2497 naturalis
730 2435 762 2498 ri
779 2441 810 2497 et
824 2431 935 2496 ellectu
950 2431 1057 2494 eadern
1074 2438 1122 2494 est
1136 2433 1208 2512 opi·

168 2536 229 2596 nio.
269 2535 345 2598 Sunt
366 2537 462 2615 enirn,
485 2539 536 2617 qui
553 2539 624 2619 jure
644 2540 793 2601 naturalia
813 2540 832 2600 i.
848 2555 875 2600 e.
895 2536 1066 2599 horninibus
1081 2535 1111 2596 in
1127 2541 1214 2598 statu

168 2639 299 2700 naurdi
315 2638 500 2723 degentibus
517 2643 720 2722 competentia
736 2650 795 2705 tarn
811 2647 916 2704 saneta
935 2638 1080 2715 habeant,
1102 2645 1136 2700 ut
1156 2654 1208 2699 ur-

169 2752 247 2809 muta
264 2762 385 2826 quoque
402 2747 589 2810 coercitione
606 2746 736 2809 adhibita
753 2746 791 2808 ab
805 2745 872 2807 aliia
888 2743 960 2826 peti,
977 2749 1008 2804 et
1021 2740 1142 2825 legibus
1159 2741 1208 2803 ci·

170 2849 270 2911 nitatis
292 2849 411 2914 minime
435 2851 574 2914 coerceri
597 2867 690 2932 posse
716 2839 899 2912 existiment.
941 2844 1053 2909 contra
1073 2843 1140 2924 alii,
1164 2843 1208 2908 uti

170 2951 314 3016 Scbultze
334 2961 366 3015 et
388 2952 491 3033 Fries,
517 2971 553 3016 ea
577 2955 644 3034 ipso
664 2955 735 3036 jure
758 2953 869 3015 nemini
892 2967 963 3014 esse
974 2953 1044 3033 jura
1060 2950 1208 3030 quaesita,
1271 2972 1274 2978 ·

171 3054 227 3118 sed
247 3065 281 3118 ut
299 3057 420 3140 legibus
443 3057 511 3120 latis
534 3058 771 3136 constituantur,
794 3063 918 3118 arecta
939 3054 1059 3118 ratione
1077 3053 1210 3135 praecipi
1318 3077 1320 3080 >

171 3159 293 3240 docent,
310 3179 407 3243 eaque
422 3161 509 3242 quasi
524 3179 656 3224 summas
670 3161 748 3243 juris
763 3161 850 3222 ideas
866 3175 937 3221 esse
953 3158 1065 3235 dieunt,
1075 3153 1113 3219 ad
1128 3171 1209 3237 qua-

91 3292 94 3302 ·
171 3281 239 3327 rum
253 3281 390 3327 normann
406 3273 436 3329 et
457 3264 591 3346 oiligiem
612 3266 709 3326 omnis
729 3264 809 3346 Juris
833 3264 1018 3325 consociatio
1040 3257 1209 3323 ordinanda

172 3369 221 3431 sit.
264 3367 341 3458 Sunt
366 3369 473 3445 etiarn,
496 3367 548 3447 qui
575 3373 735 3449 utramque
759 3366 929 3448 disputandi
950 3369 1099 3430 rationem
1121 3363 1208 3426 stnul

171 3479 352 3553 sequantur,
374 3473 497 3535 minione
517 3473 733 3556 intelligentes,
755 3489 792 3536 se
807 3471 961 3535 coenaria
981 3472 1112 3533 intereo
1127 3465 1210 3549 dog·

171 3578 252 3638 mata
267 3575 437 3658 adprobare
453 3576 493 3650 1).

240 3681 292 3744 29.
315 3682 434 3758 Hegetii
454 3699 576 3763 quoque
594 3681 632 3744 de
644 3681 718 3763 jure
732 3678 862 3745 naturali
876 3674 1060 3751 doctrina')
1080 3677 1209 3738 aliber-

211 3864 326 3930 ·1)llia
355 3863 512 3916 Rotteckiua
537 3867 565 3914 in
591 3881 639 3916 suo
669 3881 747 3930 opere
772 3863 931 3927 „Lebrbucb
954 3863 999 3914 deo
1023 3859 1212 3912 Naomceba‘·

174 3951 267 4018 (teta)
280 3951 470 4002 adscribendus
489 3967 547 4003 esee
565 3951 678 4002 videtur.

226 4037 252 4102 l)
272 4035 447 4087 Grorrffim'en
471 4036 518 4087 cler
542 4035 706 4104 Pbttoropnte
727 4037 771 4089 dea
793 4036 885 4088 Boeben
902 4035 963 4088 oder·
981 4034 1138 4087 Noturrecbt
1155 4033 1213 4086 nard

169 4119 518 4190 &mmccccbuanerl
529 4125 605 4188 1820,
613 4124 812 4176 emendatacur.
826 4124 857 4174 ll.
870 4121 964 4175 Gens.
976 4120 1211 4190 Berb1820.0pp.

170 4216 190 4260 t.
209 4209 282 4270 vm.
306 4209 431 4275 Ejusdem
448 4209 649 4278 Encyclopttrtie
672 4211 718 4262 der
735 4209 971 4278 pbilosophlsclten
982 4205 1211 4263 wuremchmen
