3109 5292
680 565 704 632 9

178 749 309 834 deniqne
334 765 396 815 non
419 747 528 813 nudam
550 747 628 832 juris
656 745 735 830 apud
757 743 902 830 populum
924 747 1054 829 aliquem
1075 743 1205 831 recepti,
1236 709 1241 718 Ι

177 855 234 922 sed
253 874 356 921 rerum
379 855 546 919 divinarum
569 870 604 916 ac
628 852 823 917 humanarum
845 853 992 932 notitiam,
1020 855 1092 937 justi
1115 861 1206 936 atque

176 965 276 1050 injusti
292 962 448 1028 scientiam
462 957 627 1042 praedicat.
657 955 691 1020 ln
706 958 895 1042 singolorum
908 959 986 1041 juris
1002 960 1205 1024 institutorum

177 1087 214 1136 ac
234 1075 467 1153 praeceptorum
487 1062 651 1146 primordia
673 1064 828 1145 inquirens
848 1083 937 1128 omne
953 1066 1005 1148 jus
1025 1065 1204 1147 tripartitum

177 1178 237 1241 ie.
251 1192 295 1253 ,cx
310 1171 494 1238 iratur-alibus
509 1170 682 1254 praeceptis
698 1177 751 1233 aut
765 1171 900 1254 gentium
917 1178 969 1235 aut
984 1170 1122 1236 civilibus
1137 1170 1206 1234 col·

177 1279 290 1365 lectum
310 1296 379 1342 esse
400 1284 500 1360 putat3
525 1283 556 1338 et
577 1274 666 1338 civile
686 1274 807 1356 quidem
824 1277 875 1358 jus
897 1276 1023 1358 proprio
1045 1275 1206 1357 cujuslibet

79 1390 85 1402 ”
177 1385 278 1470 populi
298 1385 368 1467 jore
394 1381 560 1459 contineri,
586 1381 638 1463 jus
663 1398 739 1443 vero
767 1381 903 1463 gentium
927 1382 1057 1446 naturali
1081 1381 1205 1464 quodam

178 1490 266 1554 modo
285 1489 376 1554 totius
397 1489 496 1572 gentis
512 1487 660 1550 humanae
681 1503 838 1551 commune
856 1495 886 1550 et
906 1487 986 1570 apud
1002 1505 1108 1552 omnes
1128 1505 1205 1551 con-

176 1595 396 1659 stitntnmesse
417 1600 448 1657 et
462 1609 617 1674 peraeque
637 1591 796 1674 observari
812 1592 882 1658 dicit
897 1611 965 1657 cum
981 1593 1048 1656 aliis
1064 1611 1100 1658 ac
1114 1600 1205 1656 vete-

175 1701 260 1765 ribus
275 1699 501 1784 jurisconsultis
520 1697 561 1777 1),
583 1715 602 1760 e
623 1698 733 1780 quibus
753 1698 821 1763 fere
841 1716 919 1763 unus
940 1706 988 1762 est
1003 1696 1049 1778 ⁸),
1073 1699 1125 1780 qni
1146 1717 1205 1762 ua·

176 1805 274 1872 urata
297 1803 371 1869 illud
387 1806 438 1889 jus
459 1803 539 1868 idem
557 1821 627 1868 esse
648 1802 766 1883 definit,
790 1803 873 1885 quod
891 1811 998 1868 natura
1019 1803 1116 1869 omnia
1136 1804 1205 1868 ani-

177 1912 264 1976 mabo
287 1911 444 1991 docuerit,
475 1917 508 1975 nt
530 1910 623 1975 maris
647 1917 736 1991 atque
760 1909 890 1974 feminae
913 1909 1152 1994 conjunctionem
1174 1915 1206 1972 et

177 2018 341 2082 liberorum
361 2015 621 2100 procreationem:
646 2034 734 2098 quam
755 2015 794 2080 ob
815 2016 995 2080 sententiam
1016 2016 1094 2080 male
1112 2015 1204 2079 intel·

177 2124 286 2190 lectam
301 2143 317 2188 a
333 2123 441 2199 multis,
458 2123 508 2205 qni
523 2139 604 2186 nunc
618 2130 696 2201 sunt,
719 2123 868 2186 immerito
884 2120 1093 2205 reprehensos
1108 2116 1204 2206 est³);

177 2248 243 2294 nam
256 2232 308 2315 jus
322 2227 441 2312 aliquod
456 2227 626 2292 belluarum
643 2243 730 2305 esse,
755 2235 842 2289 certe
858 2245 1009 2309 nonquam
1023 2227 1206 2290 existimarit

178 2333 332 2418 Ulpianus,
355 2332 411 2396 sed
427 2332 604 2397 matrimonii
620 2350 657 2394 ac
672 2339 794 2396 mutuae
809 2340 968 2415 parentum
983 2332 1206 2413 liberorumque

178 2438 407 2504 necessitudinis
417 2439 542 2521 primam
554 2455 674 2502 causam
686 2437 874 2522 investigans
885 2438 1053 2502 rectissime
1066 2456 1132 2500 eam
1143 2435 1206 2520 legi

180 2545 269 2609 alicui
284 2543 427 2622 naturali,
451 2545 500 2606 cui
521 2550 553 2608 et
568 2542 704 2607 animalia
721 2543 957 2624 obtemperantia
972 2542 1125 2622 videmus,
1148 2541 1206 2606 ad-

179 2651 303 2733 scripsit
316 2646 364 2725 ῆι
396 2650 507 2718 etenim
531 2665 620 2712 nemo
646 2646 785 2730 negabit,
815 2648 946 2712 omnium
968 2650 1048 2711 inter
1070 2647 1207 2713 homines

178 2756 423 2839 conjunctionum
439 2771 558 2829 normas
574 2760 626 2816 aot
645 2753 682 2816 ab
702 2753 837 2816 animalis
855 2761 981 2818 naturae
998 2752 1133 2838 legibus,
1156 2760 1209 2818 aot

233 2928 257 2993 l)
277 2928 319 2977 Fr.
339 2930 362 2979 6.
383 2929 407 2978 9.
437 2927 470 2979 D.
493 2932 515 2976 1.
535 2932 556 2977 1.
576 2927 618 2992 (de
634 2927 698 2991 just.
718 2932 744 2975 et
759 2926 839 2993 jure.)

234 3016 259 3081 2)
277 3013 383 3082 Reliqui
404 3013 589 3080 jurisconsulti
613 3013 713 3068 romani
738 3015 845 3066 nonnim
870 3016 988 3081 gentiam
1012 3021 1038 3064 et
1064 3013 1143 3065 civile
1163 3013 1208 3080 jus

178 3105 340 3170 distinguere
363 3110 443 3168 atque
465 3103 533 3154 illud
555 3104 634 3154 etiam
652 3102 774 3154 naturale
792 3103 925 3169 appellare
947 3101 1045 3165 solent,
1068 3107 1099 3152 nt
1117 3102 1208 3166 Gajna,

177 3192 295 3255 Paullus,
313 3190 491 3256 Modestinus,
508 3191 551 3242 Fr.
571 3193 595 3242 9.
616 3195 656 3240 ll.
681 3189 742 3256 Dig.
761 3189 786 3253 I,
806 3193 830 3240 1.
854 3189 897 3240 ur.
915 3194 940 3240 t.
958 3193 983 3253 5.
1002 3193 1026 3239 2.
1050 3190 1084 3240 Ι).
1104 3191 1147 3253 38,
1168 3193 1208 3241 10.

178 3281 301 3332 Ceterum
317 3285 343 3330 et
355 3278 543 3346 Tryphoninns
561 3285 588 3330 et
602 3278 831 3345 Hermogenianus
849 3278 969 3330 naturale
985 3294 1002 3329 a
1017 3279 1136 3345 gentium
1149 3280 1208 3344 jure

178 3374 325 3420 secernunt.
344 3367 386 3420 Fr.
400 3370 442 3418 64.
461 3369 493 3418 D.
510 3372 549 3430 12,
563 3369 586 3418 6.
605 3365 647 3417 Fr.
662 3368 687 3418 5.
705 3367 738 3418 D.
754 3370 776 3429 1,
793 3369 815 3417 1.

233 3458 259 3525 3)
278 3457 428 3510 Novissima
444 3457 522 3521 hujus
540 3455 648 3522 Ulpiani
665 3456 811 3506 sententiae
827 3454 996 3521 investigatio
1016 3471 1046 3506 ea
1065 3462 1112 3518 est,
1131 3471 1209 3521 quam

180 3545 364 3597 celeberrimus
384 3560 408 3594 v.
422 3545 562 3611 flavigny
580 3545 608 3594 in
626 3544 685 3594 Vol.
702 3545 723 3595 Ι.
743 3543 916 3594 Commentar.
932 3544 985 3608 jur.
1004 3543 1075 3594 civil.
1095 3544 1209 3611 (system

180 3633 227 3684 des
243 3633 369 3699 beutigen
386 3631 535 3682 rbmiscben
553 3630 661 3697 Rechts)
686 3631 771 3682 Berol.
794 3633 869 3682 1840.
893 3647 918 3697 p.
938 3633 1089 3682 tut—420
1107 3629 1209 3697 publici

176 3723 244 3789 juris
262 3723 334 3773 iecit.

232 3809 259 3876 t)
278 3809 418 3876 Respicere
440 3806 544 3858 videtur
565 3807 594 3858 in
616 3805 658 3856 bis
677 3805 807 3872 Ulpianus
829 3806 919 3858 locum
937 3805 1089 3858 Amstotelis
1110 3804 1142 3858 de
1160 3806 1208 3857 Re·

179 3895 254 3964 publ.
273 3897 294 3960 1,
314 3900 346 3959 2.,
365 3897 428 3946 item
446 3894 581 3945 Ciceronis
600 3893 632 3944 de
652 3893 726 3945 Offic.
743 3896 764 3958 1,
780 3898 812 3958 4,
830 3894 878 3947 ubi
895 3894 961 3945 baec
979 3895 1103 3961 legimus:
1123 3909 1209 3958 „com-

179 4000 260 4036 mune
283 3984 400 4035 omnium
422 3983 595 4034 minantium,
617 3987 656 4032 est
681 3981 879 4046 conjunctionis
901 3983 1033 4049 appetitos
1055 3983 1209 4048 procreandi

180 4088 262 4124 eausa
283 4077 310 4122 et
331 4086 396 4122 cura
419 4070 547 4136 quaedam
570 4085 674 4132 corum,
698 4084 766 4134 quae
784 4073 923 4136 procreata
944 4071 1028 4120 sonti
1064 4070 1145 4122 Recte
1163 4069 1210 4121 Ul-

179 4163 254 4229 piani
271 4161 428 4212 sententiam
445 4157 578 4210 intellexit
594 4157 632 4209 St.
648 4157 764 4208 Thomas
782 4159 817 4211 ab
832 4159 939 4223 Aquino
957 4157 985 4207 in
1001 4157 1108 4208 Summa
1123 4157 1208 4209 'l'beo-

180 4249 269 4316 logiae
287 4248 393 4313 Quaest.
412 4247 494 4301 LVII.
511 4246 571 4299 est.
589 4249 613 4298 Ι.
632 4262 657 4296 r.
676 4245 839 4298 Scbmaussii
856 4245 918 4298 bist.
932 4246 986 4310 jnr.
1003 4251 1091 4297 natur.
1108 4261 1133 4312 p.
1148 4248 1213 4308 11³,
