3109 5292
822 567 885 636 ¹42

404 749 476 814 iio.
497 748 643 831 Expertis
653 749 715 832 jam
730 746 951 831 obligationum
964 747 1082 825 mmsis,
1102 745 1168 828 ipsa
1188 741 1383 828 obligationis

335 856 383 918 vis
397 862 488 936 atque
503 861 611 917 natura
627 853 722 934 paulo
741 851 916 916 accuratius
932 848 1105 916 definienda
1119 857 1174 914 est
1203 847 1259 911 Est
1277 853 1382 911 autera

334 961 479 1023 unirerm
499 957 716 1040 obligationum
739 955 875 1019 doctrina
891 956 932 1018 uil
947 955 1028 1018 aliud
1047 956 1106 1019 uisi
1126 949 1380 1035 investigationis

335 1066 403 1145 ipso
415 1061 609 1144 obligationis
617 1059 742 1123 viuculo
749 1060 939 1143 singulisque
947 1059 1103 1143 obligandi
1111 1059 1213 1122 causis
1222 1065 1255 1120 et
1262 1055 1380 1119 formis.

336 1164 624 1230 amaracinum
641 1165 805 1243 uinculum,
826 1171 966 1245 tauquam
983 1165 1137 1246 peculiare
1153 1161 1276 1237 laetum,
1298 1155 1381 1241 quod

336 1289 451 1334 nexum
479 1272 559 1333 inter
583 1267 767 1332 creditorem
791 1277 823 1332 et
845 1268 1014 1332 debitorem
1044 1267 1217 1344 condituit,
1246 1263 1381 1326 examini

336 1373 456 1457 subjici,
478 1376 608 1457 ejusque
623 1373 790 1436 substantia
806 1371 941 1449 deliniri;
962 1379 1093 1454 possunt
1111 1387 1228 1435 sumrua
1244 1367 1381 1431 describi

336 1489 519 1562 praecepta,
541 1478 674 1542 deviet
693 1485 845 1560 potestate
865 1477 996 1540 omnium
1017 1475 1240 1558 obligationum.
1271 1471 1305 1534 lu
1320 1469 1382 1534 boe

337 1593 439 1648 autem
460 1590 589 1646 tractatu
605 1599 667 1646 nou
683 1583 783 1647 solum
802 1601 906 1647 earum
923 1580 1128 1644 conditionum
1144 1579 1226 1642 ratio
1239 1574 1383 1641 babemda

336 1696 402 1765 est,
425 1688 492 1750 siue
515 1687 624 1768 quibua
643 1686 719 1750 illud
734 1687 890 1749 uinculum
913 1685 1097 1768 recogitari
1121 1681 1243 1765 quidem
1265 1686 1382 1764 potest,

337 1807 447 1854 rerum
463 1799 494 1853 et
514 1790 646 1853 omnium
667 1808 791 1868 eorum,
815 1808 894 1871 quae
909 1792 982 1871 jure
1001 1788 1085 1852 civili
1105 1788 1256 1868 cujusque
1277 1781 1383 1866 papali

338 1893 454 1957 sancita
470 1901 541 1956 sunt
556 1893 596 1955 de
612 1893 828 1977 obligationum
844 1893 960 1972 formis,
976 1892 1015 1954 de
1037 1889 1234 1954 contrahendi
1255 1887 1383 1970 capaci·

338 2003 412 2075 tate,
429 1995 587 2076 derebus,
602 1997 727 2077 quaein
742 1998 958 2082 obligationem
975 1995 1085 2060 deduci
1101 2001 1239 2078 pessunt,
1257 2000 1289 2060 et
1303 2009 1383 2073 quae

339 2108 410 2164 aunt
424 2100 550 2182 reliqua.

404 2203 582 2286 Principalis
595 2211 695 2267 autern
707 2203 797 2286 bajus
807 2203 964 2268 doctrinae
975 2219 1048 2285 pars
1059 2202 1321 2288 adobligationuur
1330 2200 1382 2264 ei·

338 2306 440 2370 iectua
455 2317 585 2388 spectat,
598 2326 727 2390 quorum
743 2309 837 2390 aliqui
852 2310 882 2372 in
898 2309 1036 2371 omnibus
1048 2307 1265 2392 obligationum
1279 2323 1381 2390 gene-

337 2412 424 2474 ribus
438 2411 588 2491 obtineat,
611 2412 706 2474 veluti
722 2430 801 2493 quae
818 2411 855 2475 ad
872 2414 968 2494 ipsius
983 2415 1031 2474 rei
1050 2413 1172 2476 debitae
1192 2411 1382 2494 praestatio-

341 2515 439 2594 mins,
455 2533 534 2598 quae
549 2517 666 2598 cuipam
682 2515 917 2604 diligentiamve,
929 2517 1165 2598 velpericuluua
1180 2517 1240 2594 rei,
1250 2514 1303 2578 vel
1320 2531 1381 2578 ex·

338 2620 514 2704 stiagucudi
529 2621 732 2703 obligationes
748 2621 854 2684 modos
869 2622 1045 2704 respiciunt.

405 2723 467 2789 Sed
484 2726 661 2788 innumerae
675 2726 804 2808 regulae
819 2727 940 2790 nonnisi
955 2724 993 2788 ad
1009 2725 1146 2810 singulas
1162 2724 1381 2808 obligationum

339 2828 455 2892 termas
485 2836 637 2910 spectaut3
668 2838 831 2893 sumuntur
861 2847 919 2893 eae
941 2848 959 2890 e
983 2829 1103 2893 duobus
1124 2829 1215 2910 quasi
1236 2827 1382 2906 lontibus,

339 2951 383 2994 ox
419 2933 671 3015 interpretatione
699 2934 866 2997 voluntatis
895 2934 1153 3011 connubentium,
1180 2940 1215 2994 ot
1243 2947 1286 2994 ex
1315 2931 1382 3012 ipsa

339 3042 447 3098 natura
475 3054 587 3099 causae
612 3036 773 3118 obligandi.
822 3036 939 3100 Pendet
959 3037 1038 3100 enim
1060 3037 1252 3120 obligationis
1274 3035 1324 3100 vis
1349 3041 1381 3096 et

339 3134 477 3218 potestas
491 3139 600 3219 partim
617 3158 636 3203 a
651 3148 761 3203 natura
776 3141 824 3203 rei
846 3140 980 3219 debitae,
1004 3141 1041 3202 ab
1065 3139 1169 3203 indole
1189 3139 1271 3223 juris
1291 3137 1382 3221 culpi

341 3240 468 3303 mrito
482 3241 597 3321 violati,
619 3260 637 3305 a
654 3245 851 3308 contrahendi
866 3244 1005 3323 formula,
1021 3253 1052 3307 et
1066 3247 1248 3328 praesertim
1263 3245 1383 3327 abipsa

340 3346 560 3431 paciscentium
584 3349 758 3412 intentione.
789 3350 820 3414 Si
835 3350 912 3412 banc
926 3349 1114 3431 potissimum
1129 3349 1323 3430 respicimus,
1340 3366 1384 3414 ex

337 3467 440 3530 acque
454 3458 487 3512 et
501 3451 581 3515 bono
598 3450 780 3536 dijudicandi
797 3461 867 3517 sunt
882 3461 1066 3518 conmeatus
1087 3453 1217 3518 Slvere
1228 3453 1329 3536 magis
1345 3451 1383 3516 ad

340 3551 408 3616 allas
432 3554 650 3638 obligationum
679 3556 870 3621 conditiones
897 3555 1079 3620 attendimus
1108 3559 1227 3618 stricto
1246 3558 1386 3620 'satiatae

340 3657 485 3740 obligatio
500 3659 692 3741 dijudicatur.
722 3659 796 3722 lude
817 3661 968 3724 distinctio
985 3669 1194 3726 coubacmmu
1210 3663 1242 3724 in
1257 3662 1386 3744 negotiu

341 3761 439 3824 stricti
451 3763 532 3844 juris
546 3771 579 3826 et
593 3765 692 3826 bonae
707 3764 790 3842 fidei,
806 3782 894 3844 quarn
910 3765 990 3846 apud
1006 3766 1159 3829 Romanos
1174 3765 1319 3829 uadum
1332 3767 1385 3828 iu·

342 3865 490 3944 usnimais,
507 3883 548 3927 cx
562 3869 626 3947 ipsa
640 3885 744 3929 rerum
759 3876 868 3932 natura
883 3867 1073 3932 descendere
1090 3870 1223 3934 dicenda
1237 3878 1295 3932 eat.

408 3966 485 4032 Cum
498 3971 597 4032 omniu
618 3969 657 4033 dc
675 3971 912 4054 obligationibus
933 3981 1102 4055 praecepta
1123 3992 1164 4036 ex
1185 3973 1304 4054 duplici
1327 3971 1387 4036 itae

344 4087 503 4136 musarum
517 4072 739 4154 ponderatione
755 4075 945 4142 deducantur
960 4086 992 4142 et
1006 4079 1175 4143 secundum
1190 4079 1316 4144 strictas
1332 4077 1386 4141 ic-

344 4171 430 4257 gices
445 4177 568 4258 regulas
583 4179 810 4244 accuratissime
826 4180 959 4246 describi
975 4182 1105 4265 pessint;
1120 4199 1182 4248 uou
1197 4190 1248 4250 est
1263 4183 1387 4270 miran-
