3109 5292
849 575 903 642 :st

347 759 458 822 ¹nentia
473 758 551 822 haec
568 763 628 820 ests
645 764 715 820 sunt
730 753 879 836 quaedam
894 761 1073 836 praecepta,
1082 771 1121 817 eo
1136 755 1265 820 consto
1273 762 1399 834 mauu,

360 881 375 924 a
395 864 504 944 quibus
519 861 668 926 recedere
684 859 798 924 nemini
812 859 921 936 liceat,
942 858 1009 921 sive
1023 858 1175 940 imperent
1188 859 1240 923 illa
1255 861 1324 923 sive
1338 878 1400 924 re-

359 973 424 1030 tent
449 966 575 1047 aliquid3
599 972 670 1028 sunt
690 964 748 1027 alia
772 980 914 1044 quoque,
939 981 1020 1042 quae
1043 963 1253 1044 praecipiunt,
1274 963 1347 1044 quid
1365 965 1399 1026 in
1460 1011 1464 1020 ,

360 1072 460 1154 aliqua
477 1088 570 1135 causa
586 1088 644 1152 pro
661 1072 732 1152 jure
753 1068 860 1130 baberi
881 1065 1006 1143 debeat,
1026 1066 1148 1146 quando
1166 1083 1333 1148 personae,
1356 1065 1398 1135 ad

359 1193 434 1257 quas
451 1175 591 1258 pertinet,
602 1175 660 1237 alia
675 1191 734 1236 non
750 1173 921 1235 statuerint
941 1171 1014 1233 lllas
1030 1171 1219 1232 miscuisse
1234 1171 1286 1234 vel
1301 1171 1397 1234 abso·

359 1279 422 1342 lute
434 1286 591 1360 cogentes,
602 1277 657 1340 has
665 1275 924 1354 dispositioosvel
932 1278 1175 1349 reclamamus,
1183 1289 1398 1354 nonnunquam

358 1382 448 1445 etiarn
463 1383 676 1456 facoltatibus
691 1382 780 1464 leges
795 1380 886 1444 hodie
901 1379 1065 1462 appellant
1094 1378 1222 1443 Romani
1235 1377 1305 1441 illas
1316 1378 1397 1459 juris

355 1486 468 1567 publici
485 1504 556 1549 esse
572 1485 684 1563 dicunt,
700 1485 784 1566 quod
798 1485 898 1565 pactis
912 1485 1101 1565 privatorum
1117 1483 1226 1546 mauri
1240 1499 1303 1544 non
1317 1498 1397 1563 pos-

354 1591 423 1670 sint,
434 1599 468 1653 ut
480 1597 729 1654 testamentorum
740 1595 792 1650 aut
806 1588 934 1650 aliorum
940 1588 1020 1669 juris
1030 1586 1223 1669 negotiorum
1239 1586 1396 1650 solemnia.

420 1694 459 1769 d)
482 1694 676 1778 Distinguunt
687 1691 897 1774 jurisconsulti
912 1709 1034 1772 quoque
1045 1693 1097 1773 jus
1106 1707 1269 1753 summm
1280 1698 1313 1754 ot
1328 1692 1396 1752 aias·

353 1802 476 1874 patiare.

419 1903 501 1965 lllius
516 1907 683 1983 praecepta
702 1901 829 1963 strictae
841 1899 920 1981 juris
938 1901 1047 1965 rationi
1056 1901 1176 1964 omnino
1188 1907 1395 1965 consentanea

343 2007 510 2070 habentur.
547 2005 603 2068 lus
619 2005 779 2086 singulare
794 2021 871 2066 vero
886 2011 943 2082 est,
964 2003 1045 2084 quod
1060 2012 1169 2069 sonim
1184 2013 1323 2068 tenorem
1338 2021 1394 2066 ra·

352 2111 441 2174 tionis
458 2117 519 2187 est,
541 2117 591 2171 aut
605 2116 734 2189 propter
757 2109 916 2172 utilitatem
932 2108 1063 2188 aliquam
1078 2117 1130 2171 aut
1144 2109 1184 2172 ad
1198 2107 1393 2193 mitigandam

351 2217 382 2276 in
391 2214 576 2297 *quibusdam
587 2211 709 2274 casibus
722 2212 803 2274 illius
815 2211 955 2274 duritiem
965 2213 1016 2275 vel
1027 2215 1222 2294 asperitatem
1233 2215 1395 2293 oemtitnte

353 2316 431 2381 duce
447 2315 654 2379 introductum
672 2325 727 2378 est.
764 2316 878 2379 Prioris
893 2319 1018 2400 generis
1033 2336 1154 2381 normas
1171 2316 1293 2400 judices
1307 2316 1395 2387 velut

349 2422 427 2502 juris
443 2419 570 2502 regulas
585 2420 615 2482 in
631 2420 777 2482 similibus
788 2421 1049 2495 causisnullaalia
1060 2422 1132 2506 lege
1143 2421 1276 2484 delinitis
1290 2424 1392 2496 (aas

351 2527 468 2601 topica,
489 2532 524 2587 ut
544 2524 668 2602 dieitur,
694 2524 896 2598 estentona)
916 2526 1005 2605 sequi
1024 2526 1184 2606 jubentur;
1210 2523 1292 2606 quod
1316 2541 1393 2589 vero

292 2693 294 2696 .
352 2636 458 2692 contra
470 2629 549 2711 juris
564 2629 718 2691 rationem
739 2638 902 2710 receptum
924 2637 985 2708 est,
1009 2649 1070 2693 non
1091 2639 1140 2694 est
1160 2629 1393 2712 producendam

354 2733 391 2796 ad
410 2733 642 2813 consequentias
661 2731 700 2808 1).

420 2835 472 2899 63.
496 2836 552 2898 llic
575 2837 663 2898 locus
684 2854 755 2899 esse
777 2837 915 2915 videtin,
941 2845 976 2901 ut
994 2836 1169 2920 diligentius
1191 2840 1222 2901 in
1241 2839 1393 2899 utilitatis

351 2943 581 3018 aequitatisque
596 2941 735 3003 notiones
750 2941 938 3021 inquiramus
952 2949 1044 3022 atque
1063 2940 1201 3006 similiter
1220 2942 1261 3004 dc
1280 2959 1391 3004 πεοισ-

354 3045 461 3104 sitatis
472 3045 556 3120 iure,
573 3045 654 3124 quod
669 3053 792 3122 vocant,
809 3045 1004 3109 disseramus.
1026 3069 1031 3074 ·

420 3149 452 3220 a)
476 3146 522 3208 De
538 3145 775 3226 discriminibus,
798 3166 876 3230 quae
891 3151 971 3211 inter
986 3149 1122 3212 utilitatis
1137 3156 1169 3212 et
1178 3150 1314 3232 justitiae
1325 3166 1390 3211 no-

352 3251 451 3312 tiones
466 3251 670 3331 intercedunt,
681 3254 744 3334 jam
760 3271 854 3334 snpra
869 3257 917 3326 (ς
934 3251 1004 3328 38.)
1020 3255 1148 3335 copiose
1163 3253 1391 3336 disputavimus.

352 3354 385 3416 ln
401 3355 481 3418 omni
492 3356 565 3436 jure
585 3357 761 3435 (positivo)
779 3357 959 3419 innumerae
980 3358 1176 3421 inveniuntur
1191 3358 1389 3440 praeceptio-

352 3476 422 3537 nes,
445 3460 553 3539 quibus
577 3461 701 3523 strictae
713 3461 792 3543 juris
808 3478 934 3523 normae
949 3461 1041 3525 totius
1062 3462 1286 3526 communitatis
1299 3479 1390 3526 com·

308 3558 312 3567 '
342 3561 434 3624 -modi
444 3563 542 3644 gratia
553 3571 761 3644 temperantur
765 3585 775 3640 ;
791 3564 864 3627 inde
878 3565 1020 3645 publicae
1036 3565 1184 3630 libertatis
1200 3565 1389 3648 angustiori·

352 3668 410 3730 bus
431 3665 541 3729 linibus
561 3669 755 3748 temperatio,
776 3686 828 3730 res
848 3677 970 3731 nostras
990 3669 1144 3733 alienandi
1163 3671 1324 3751 prohibitio
1340 3669 1391 3734 vel

353 3788 406 3834 eas
424 3773 482 3852 ipsi
498 3771 687 3853 reipublicae
703 3772 863 3852 praefinita
882 3773 1077 3837 indemnitate
1097 3773 1227 3838 cedendi
1246 3776 1389 3838 necessi·

352 3884 420 3956 tas,
444 3884 557 3939 cetera.
596 3874 669 3938 Cum
696 3877 810 3956 omnis,
834 3895 875 3940 ex
898 3879 1032 3941 utilitatis
1060 3880 1180 3942 ratione
1208 3877 1389 3957 introducta,

348 3982 427 4064 juris
448 3981 544 4045 nostri
565 3981 810 4064 circumscriptio
832 4001 889 4048 seu
913 3984 1076 4048 coarctatio
1095 4003 1164 4047 cum
1186 3984 1389 4068 strictaffjuris

411 4199 435 4266 l)
454 4201 496 4253 nr.
519 4183 621 4254 to-ssrt
640 4202 717 4254 D..1.
737 4206 761 4256 3.
773 4165 825 4269 ⁵(de
842 4201 935 4269 legib.)
