3109 5292
658 574 724 640 tlt*

168 753 249 818 enirn
263 772 414 837 naumann
428 771 502 818 esse
521 753 632 817 laetum
654 754 744 818 faule
764 762 813 818 ost
832 756 995 837 probare);
1019 759 1074 822 sed
1094 759 1208 841 ubique

167 867 322 923 terrarum
339 860 443 941 populi
458 860 492 920 in
507 878 542 920 eo
559 867 794 936 consenserunt,
808 869 842 923 ut
856 860 984 925 dominia
1002 863 1094 926 sertis
1112 865 1207 932 modis

167 965 298 1047 singulis
321 965 437 1045 acquiri
459 971 636 1028 statuerent
679 963 745 1026 lloo
769 973 870 1028 autem
892 967 982 1030 taeita
1004 969 1206 1032 consensione

166 1070 197 1130 in
213 1086 393 1150 unaquaque
414 1069 533 1130 civitate
551 1067 648 1132 tuisse
663 1067 859 1132 observatum
876 1077 907 1132 et
922 1070 1021 1134 adhue
1036 1071 1206 1150 observari,

166 1191 257 1236 namo
273 1173 396 1236 inbtiari
412 1173 510 1236 audet

166 1324 174 1334 .
232 1277 287 1340 92.
309 1277 357 1338 lix
372 1278 410 1338 iis
425 1277 795 1360 quaebaotenuslongius
806 1279 1004 1358 exposuimus
1020 1281 1112 1343 facile
1128 1299 1206 1362 per·

167 1383 311 1465 spioitur,
333 1399 443 1443 errare
459 1382 538 1465 juris
562 1382 708 1444 naturalis
731 1383 915 1463 scriptores,
936 1385 987 1464 qui
1007 1385 1073 1447 sola
1089 1385 1205 1465 privata

167 1487 298 1550 dominia
329 1504 389 1567 pro
413 1486 557 1568 legitimis
585 1485 732 1562 habeant,
761 1503 943 1567 omnemque
969 1487 1054 1550 aliam
1084 1488 1205 1552 dominii

167 1590 296 1654 formam
311 1597 344 1652 ut
354 1591 433 1673 J'uris
447 1592 558 1653 rationi
575 1591 755 1652 contrariam
771 1589 921 1670 rejiciant.
953 1591 1033 1654 Nihil
1050 1594 1129 1654 enim
1146 1593 1205 1655 ob-

166 1702 234 1772 stat,
242 1695 401 1775 quominus
412 1693 492 1775 apud
504 1695 636 1774 aliquem
648 1692 803 1774 populum,
816 1695 1063 1774 quemadmodum
1075 1698 1105 1758 in
1117 1715 1206 1758 mon-

166 1799 288 1861 asteriis
302 1797 371 1860 lieri
387 1798 476 1874 solet,
491 1797 622 1860 dominia
638 1798 679 1858 itu
695 1797 888 1876 ordinentur,
898 1807 930 1862 ut
945 1800 1055 1883 singuli
1071 1802 1111 1862 nil
1128 1818 1205 1881 pro-

166 1903 225 1984 prii
248 1903 305 1965 sed
328 1900 548 1965 usumfructum
568 1917 672 1963 rerum
696 1903 898 1964 communium
922 1903 1127 1966 tantummodo
1147 1904 1206 1967 ba..

164 2007 270 2084 beant,
294 2024 422 2088 quarum
447 2008 620 2087 proprietas
645 2006 738 2068 totius
764 2007 894 2086 civitatis
919 2008 966 2068 sit.
1006 2008 1120 2080 Quodsi
1144 2007 1204 2084 liat,

165 2111 440 2193 nouutinvulgari
455 2111 605 2172 societate
620 2110 691 2173 illae
706 2129 761 2172 res
776 2128 832 2192 pro
849 2111 977 2176 indivisa
992 2129 1098 2174 eorum
1116 2131 1205 2174 corn·-

164 2231 272 2279 munes
281 2222 361 2291 sunt,
376 2213 653 2293 seduniversitatis,
669 2215 783 2298 singuli
793 2232 870 2278 vero
879 2216 1039 2280 utilitatum
1048 2223 1119 2279 sunt
1128 2234 1204 2298 par-

165 2322 282 2402 ticipes.
312 2319 373 2384 Sed
387 2321 496 2382 merito
516 2321 687 2401 quaeritur:
713 2327 813 2382 utrum
835 2321 983 2403 ejusmodi
1002 2339 1107 2383 rerum
1128 2321 1206 2384 ordo

165 2425 365 2488 dominiorum
381 2426 567 2506 privatorum
584 2423 800 2487 constitutione
817 2427 1018 2505 praestantior
1030 2426 1049 2488 i.
1060 2445 1086 2487 e.
1104 2426 1206 2488 utilior

105 2591 110 2598 .
165 2537 198 2592 et
211 2529 328 2592 strictis
337 2529 473 2611 justitiae
488 2529 664 2609 praeceptis
680 2529 776 2610 magis
790 2531 978 2592 conveniens
994 2530 1054 2592 sit?
1070 2529 1111 2592 At
1126 2530 1204 2593 sub·

164 2635 257 2698 tiliori
273 2651 351 2717 opus
366 2643 415 2697 est
429 2635 643 2716 disputatione,
660 2641 692 2696 ut
707 2633 866 2714 proposita
882 2635 1020 2714 quaestio
1035 2643 1121 2698 reste
1136 2635 1204 2698 sol-

167 2747 264 2803 subur.

258 2851 294 2920 a)
317 2843 351 2906 ln
368 2844 511 2921 universa
525 2843 565 2904 de
586 2843 718 2905 dominio
738 2843 919 2923 quaestione
939 2843 1000 2906 duo
1021 2843 1205 2908 intendenda

166 2957 252 3028 sunt,
273 2949 439 3031 stagnans
458 2965 611 3030 personae
632 2949 819 3011 commodum
836 2955 867 3009 et
887 2950 1055 3012 communis
1073 2951 1203 3013 omnium

165 3054 286 3117 utilitas.
308 3052 553 3135 llniuseujusque
568 3053 711 3131 interest,
732 3070 768 3116 se
784 3053 822 3115 de
842 3053 969 3134 quadam
990 3071 1094 3118 rerum
1115 3057 1203 3138 copia

166 3159 302 3221 exclusis
316 3157 444 3237 reliquis
459 3157 556 3219 libere
572 3175 664 3238 posse
677 3156 860 3238 disponere3
883 3160 950 3220 sine
967 3162 1032 3241 ejus
1049 3160 1128 3224 modi
1144 3160 1204 3222 bo-

165 3279 272 3326 norum
301 3261 499 3342 possessione
519 3279 610 3324 nemo
629 3261 773 3344 suijuris
795 3280 866 3324 esse
889 3281 925 3324 ao
945 3263 1036 3343 plena
1062 3263 1203 3326 libertate

165 3384 220 3430 seu
240 3369 364 3449 integro
383 3383 537 3448 personae
556 3373 638 3428 statu
660 3366 722 3428 irui
741 3365 870 3430 videtur.
910 3365 1106 3446 Reliquorum
1125 3384 1203 3430 nero

165 3473 306 3549 interest,
330 3488 423 3533 unum
446 3470 633 3548 atter-anve,
656 3480 706 3533 aut
726 3472 889 3551 pauoiores
907 3472 939 3533 in
962 3473 1083 3534 civitate
1099 3475 1129 3534 in
1147 3475 1203 3535 hae

165 3576 339 3638 eonditione
355 3591 427 3636 esse
443 3575 568 3654 positos,
591 3575 647 3637 sed
670 3590 776 3637 omnes
797 3576 828 3637 in
849 3581 990 3654 quantum
1012 3576 1078 3637 fieri
1095 3579 1201 3656 possit,

165 3680 271 3742 eadem
292 3680 337 3743 uti
365 3678 519 3741 felicitate.
559 3679 671 3741 ilerum
693 3679 947 3760 acquirendarum
968 3685 1103 3759 potestas
1125 3696 1203 3760 ergo

165 3784 304 3846 omnibus
319 3791 401 3846 sarta
417 3790 497 3845 tecta
513 3784 552 3845 sit
566 3791 695 3865 oportet
1149 3801 1154 3806 ·

252 3888 292 3961 b)
315 3885 390 3949 Cum
406 3904 486 3967 quae
501 3888 584 3950 utilia
599 3893 670 3948 sunt
686 3885 840 3947 laboribus
851 3885 965 3948 nostris
975 3893 1089 3948 tantum
1103 3895 1134 3949 et
1144 3886 1203 3949 ad-

164 3992 255 4054 bibita
270 3991 428 4074 diligentia
442 3990 530 4052 nobis
546 4008 725 4071 comparare
740 3989 907 4064 valeamus,
917 4006 1046 4068 aequum
1062 3997 1202 4070 putamus

164 4113 218 4159 nos
233 4097 317 4178 ipsos
332 4096 472 4158 laborum
488 4103 662 4158 nostrorum
677 4094 821 4176 praemiis
842 4092 901 4154 frui
917 4109 976 4154 neo
992 4094 1109 4156 otiosos
1126 4093 1202 4156 alios

166 4201 273 4265 murno
295 4208 402 4264 nostro
422 4198 489 4262 beri
511 4198 736 4280 locupletiores.
774 4197 893 4270 ldeiroo
915 4197 956 4262 ita
980 4199 1142 4262 eonstituta
1163 4199 1202 4262 sit
