3109 5292
663 573 727 642 175

174 753 433 832 morulanti
448 754 515 836 ipsa
528 772 606 820 vera
620 764 702 835 sunt,
711 764 745 818 et
758 763 868 837 sponte
882 775 901 819 a
916 754 1087 820 nationibus
1102 754 1216 818 obser-

174 857 296 937 vantur,
309 858 382 921 inde
396 879 415 923 a
429 861 632 943 scriptoribus
643 861 696 944 jus
711 861 847 944 gentium
862 863 1022 937 salwude,
1037 861 1217 923 aoicmcle

174 963 226 1026 rel
239 966 487 1041 potoropttcom
502 967 694 1048 appellantur
702 965 864 1045 etreliquis
877 965 956 1047 juris
972 964 1106 1048 gentium
1120 981 1215 1046 prae-

174 1067 274 1148 ceptis
292 1067 395 1150 (quod
409 1069 575 1151 positivum
589 1075 718 1146 vocant)
740 1077 951 1152 opponuntur,
976 1087 1013 1132 ac
1033 1069 1100 1133 sine
1121 1086 1215 1133 sanc-

173 1171 258 1235 tione
274 1173 379 1237 valere
395 1193 413 1236 a
428 1175 581 1238 nonnullis
597 1175 775 1238 creduntur.
806 1173 867 1238 Sed
890 1191 958 1236 cum
980 1173 1064 1238 nulla
1085 1173 1143 1238 alia
1161 1191 1215 1236 ra-

174 1277 259 1342 tione
283 1279 363 1361 juris
388 1287 556 1363 praecepta
584 1281 710 1363 populos
738 1285 876 1358 teneant,
900 1295 989 1362 quam
1013 1279 1095 1361 quod
1118 1278 1155 1342 ab
1178 1279 1215 1341 ils

174 1381 356 1462 probentur,
378 1401 486 1448 errare
501 1386 571 1449 illos
586 1387 754 1467 scriptores
769 1383 958 1448 manifestum
973 1392 1034 1460 cst3
1055 1401 1114 1446 nec
1130 1385 1214 1448 enim

173 1504 232 1562 per
246 1506 282 1548 re
296 1488 368 1550 illae
382 1489 512 1572 regulae
522 1491 583 1554 vim
594 1492 674 1573 juris
688 1489 802 1552 babent
816 1487 872 1552 sed
889 1505 930 1550 ex
945 1489 1094 1554 communi
1109 1505 1214 1552 earum

176 1591 398 1672 approbatione.
417 1591 547 1675 ideoque
568 1609 628 1656 uec
643 1593 732 1658 aliter
747 1593 806 1656 nisi
821 1594 942 1676 origine
957 1611 977 1657 a
991 1591 1120 1674 reliquis
1135 1593 1213 1676 juris

174 1695 311 1777 gentium
327 1698 503 1779 praeceptis
520 1697 674 1762 dillcrunt.

243 1799 316 1864 148.
341 1801 457 1875 Quodsi
477 1803 556 1884 juris
581 1804 719 1888 gentium
746 1811 911 1886 praccepta
943 1821 1013 1869 cum
1038 1806 1109 1888 jore
1132 1799 1215 1866 civili

9 1892 10 1899 '
100 1966 108 1972 ,
175 1921 402 1986 comparemus,
430 1907 552 1991 insigne
573 1909 655 1971 inter
676 1917 806 1989 utraque
829 1908 993 1970 discrimen
1017 1906 1213 1973 intercedere

174 2011 388 2091 conspicimus.
412 2012 480 2074 Non
496 2015 575 2075 enim
590 2031 628 2078 ea
643 2015 820 2078 efficacitate
837 2021 868 2075 et
882 2013 1011 2076 tuitione
1026 2013 1213 2090 muniuntur,

172 2131 255 2194 qnae
269 2105 498 2197 propriaesnnt
508 2119 571 2200 juri
587 2119 679 2181 civili.
710 2117 819 2198 Neque
835 2119 914 2180 enim
934 2117 1127 2201 magistratus
1142 2123 1213 2180 sunt

173 2221 400 2302 constitutioni
416 2221 455 2283 de
466 2223 546 2304 juris
556 2223 776 2286 controversiis
792 2223 873 2285 inter
886 2229 997 2305 gentes
1013 2229 1213 2306 cognoscunt,

173 2340 233 2387 nec
247 2325 376 2407 imperia
391 2334 479 2404 sunt,
501 2345 580 2409 qnae
596 2343 701 2391 earnm
715 2328 791 2409 <jura
813 2327 964 2390 sustinent
984 2334 1015 2390 et
1035 2325 1212 2404 detendunt,

174 2435 227 2492 ant
241 2431 407 2494 sententias
421 2431 453 2492 in
468 2449 524 2495 eas
539 2433 616 2495 latas
632 2439 850 2514 exsequuntur.
887 2431 963 2495 Sunt
983 2433 1085 2514 itaque
1108 2431 1213 2512 scrip-

174 2542 268 2613 tores,
277 2537 335 2616 qui
342 2537 393 2618 jus
406 2537 540 2620 gentium
551 2538 602 2619 jus
619 2539 746 2619 proprie
761 2536 910 2619 appellari
924 2554 985 2600 non
1002 2535 1118 2598 debere
1133 2552 1213 2598 con·-

171 2639 314 2703 tendant:
343 2643 484 2722 quoniam
511 2645 579 2725 ejus
606 2643 738 2724 regulae
765 2641 882 2704 etiamsi
911 2641 1045 2703 moribus
1069 2641 1158 2702 immo
1182 2647 1213 2702 et

173 2743 358 2832 foederibus·
368 2745 562 2809 confirmatae
577 2749 652 2826 sint,
672 2756 774 2810 tamen
788 2745 927 2828 perlecta
937 2746 1017 2828 juris
1033 2745 1212 2809 auctoritate

175 2850 230 2913 ie.
247 2851 437 2915 executionis
448 2853 563 2916 auxilio
576 2859 710 2915 careant
726 2851 787 2916 Sed
798 2850 913 2914 etbanc
923 2850 1097 2932 opinionem
1108 2848 1213 2912 lalsam
1255 2895 1259 2904 .

173 2971 247 3018 esse
254 2974 296 3017 ox
304 2955 578 3039 iissequitur,quoe
588 2957 721 3038 scopein
728 2955 788 3018 boc
796 2940 1049 3037 uectatudejurls
1056 2953 1212 3016 sanctione

174 3066 207 3122 et
220 3060 322 3123 tutela*
338 3059 530 3124 tradidimus:
555 3061 718 3138 docentes,
737 3061 818 3142 juris
834 3059 998 3123 tuitionem
1013 3066 1045 3120 ct
1059 3073 1212 3139 persecu·-

172 3164 287 3228 tionem
302 3165 333 3227 in
348 3166 414 3248 ipsa
425 3167 501 3247 justi
517 3183 575 3229 scu
585 3165 665 3247 juris
681 3164 804 3228 notione
819 3181 879 3226 uon
900 3164 1003 3228 inesse
1024 3161 1079 3226 sed
1102 3163 1212 3224 intrin-

174 3285 266 3332 secus
282 3269 312 3330 ci
327 3268 406 3332 addi.
436 3269 523 3331 Licet
538 3270 617 3330 enirn
638 3268 736 3332 miuus
759 3269 867 3332 ellicax
886 3269 928 3330 sit
942 3270 1010 3351 jus,
1032 3265 1113 3348 quod
1134 3264 1212 3348 apud

174 3374 382 3456 magistratum
405 3373 552 3455 persequi
573 3391 634 3436 nou
659 3389 835 3454 possumus,
859 3372 933 3435 illud
955 3381 1054 3435 tamen
1069 3373 1121 3453 jus
1139 3389 1212 3435 esse

172 3495 234 3540 uon
250 3477 374 3544 desinit:
398 3496 457 3541 nec
476 3479 622 3542 naturalis
644 3477 789 3561 obligatio
803 3479 883 3560 juris
905 3478 1059 3542 vinculum
1074 3495 1134 3539 non
1150 3485 1212 3554 est:

173 3602 232 3647 nec
248 3584 329 3667 juris
354 3583 466 3666 publici
487 3591 654 3667 praecepta
677 3581 857 3647 auctoritate
882 3590 932 3646 aut
953 3582 1064 3645 ellectu
1091 3589 1211 3644 carent:

173 3689 311 3770 quamvis
326 3688 409 3752 nulla
425 3705 496 3762 esse
511 3689 611 3752 soleat
624 3695 777 3770 potestas,
800 3705 879 3768 quae
900 3687 1005 3770 populi
1025 3705 1093 3750 cum
1109 3688 1212 3767 impe·

171 3801 262 3856 rrnte
283 3793 497 3855 contentiones
519 3794 693 3873 explicare,
716 3791 859 3873 huncque
880 3793 910 3856 vi
935 3795 1084 3854 coercere
1107 3791 1211 3873 possit

173 3896 330 3960 Falluntur
344 3899 436 3960 etiam
450 3897 502 3978 qui
513 3896 651 3976 credunt,
657 3897 737 3980 juris
751 3897 888 3980 gentium
903 3895 1014 3958 nullam
1030 3912 1101 3958 esse
1117 3911 1211 3960 sanc·

172 4001 286 4064 tionem
299 4007 351 4064 aut
363 4001 620 4083 persecutionem.
640 4001 715 4063 Nam
726 4019 787 4063 non
796 4000 894 4065 solum
904 3999 1085 4083 populorum
1098 3998 1212 4063 utilitum

174 4113 206 4168 et
217 4105 355 4188 probitas
366 4103 457 4168 fidem
465 4114 599 4168 sanctam
611 4123 681 4168 esse
686 4105 805 4188 jubent,
818 4104 873 4168 sed
886 4105 978 4168 variis
990 4105 1079 4168 etiam
1088 4103 1211 4188 praesi-

173 4210 231 4275 diis
248 4210 390 4275 ciritatcs
405 4227 462 4276 sua
473 4211 547 4293 jura
562 4219 686 4276 tuentur
699 4229 737 4275 nc
752 4206 913 4291 sustinent,
929 4217 963 4274 ut
978 4209 1211 4302 retorsionibos,
