3109 5292
650 556 715 623 lle

164 734 302 798 centenis
326 734 421 798 sociis
446 735 628 816 compositas
649 737 733 817 juste
756 753 794 800 ac
818 734 987 817 prudenter.
1018 739 1203 821 gnbernare,

163 838 247 904 nullo
262 845 352 919 pacto
360 839 560 917 credendum,
568 841 789 921 rempublicam
804 840 963 922 aliquoties
978 845 1116 908 centenis
1132 846 1203 910 mil-

163 943 242 1010 libus
258 949 445 1005 constantem
455 951 516 1006 tam
525 945 606 1009 bene
618 961 710 1024 posse
723 941 936 1024 administrari,
945 955 977 1008 ut
985 947 1052 1029 ejus
1065 957 1205 1012 rectores

163 1048 402 1127 uniuscnjusque
417 1047 533 1128 ingenii
549 1049 643 1126 vires,
663 1048 831 1126 solertiam,
849 1051 1056 1130 prudentiam,
1075 1053 1209 1119 virtutes

14 1122 15 1189 Ῐ
81 1235 89 1246 .
165 1160 198 1215 et
209 1153 318 1215 merita
333 1160 394 1214 tam
409 1159 552 1215 accurate
568 1153 757 1232 perspiciant
773 1160 805 1214 ct
820 1151 996 1234 dijudicent,
1014 1173 1054 1216 ue
1071 1157 1101 1218 in
1116 1175 1203 1222 suum

165 1258 275 1336 auique
296 1255 459 1320 tribuendo
482 1255 623 1318 fallantur
647 1265 699 1319 aut
720 1257 921 1338 decipiantur.
966 1257 1106 1340 Denique
1134 1279 1203 1326 oum

165 1377 222 1422 nae
233 1360 390 1442 Justissimi
407 1377 444 1421 ae
463 1360 679 1439 sapientissimi
699 1361 852 1423 civitatum
873 1359 1083 1427 moderatores
1105 1364 1209 1445 plebis

164 1473 215 1528 aut
240 1466 442 1546 potentiorum
466 1461 610 1527 invidiam
638 1461 797 1546 effugiant,
825 1483 883 1544 pro
912 1473 997 1529 certo
1024 1467 1202 1546 habendum,

163 1577 345 1650 perpetuum
361 1568 473 1651 vulgiis
489 1569 574 1630 nasei
589 1569 691 1630 odium
701 1569 1082 1650 inmagistratus,quorum
1096 1591 1203 1636 munus

164 1675 203 1738 sit
216 1673 361 1752 qoutidie,
382 1671 463 1753 quod
478 1674 626 1753 cujusque
643 1688 713 1732 esse
730 1679 882 1752 oporteat,
905 1673 1041 1754 delinire,
1063 1679 1203 1756 quoniam

164 1777 257 1858 longa
277 1776 398 1855 plurimi
417 1795 479 1838 non
501 1794 554 1854 ea,
574 1775 817 1857 quibusdignos
833 1794 868 1841 se
885 1784 1001 1857 putant,
1026 1778 1202 1862 diligentiae
1309 1773 1311 1780 ’

164 1896 240 1946 suae
255 1880 390 1961 praemia
405 1881 574 1944 obtinuisse
590 1879 814 1945 existimabunt.
850 1880 922 1943 lnde
939 1890 1089 1962 perpetua
1105 1882 1204 1964 plebis

164 1983 337 2061 diffidentia,
353 1984 493 2064 publicae
509 1985 746 2065 quaerimoniae,
755 1985 1011 2065 perturbationes,
1027 1985 1202 2065 seditiones,

164 2089 306 2152 intestina
321 2088 400 2150 bella
417 2107 475 2152 nec
491 2089 650 2152 dictatoria
667 2095 817 2168 potestate
834 2087 1003 2152 inhibenda.
1032 2089 1203 2156 llilominus

164 2211 287 2275 semper
301 2194 497 2274 reperientur
517 2193 760 2276 negligentiores
784 2200 816 2255 et
837 2195 971 2272 inertas,
994 2195 1045 2275 qui
1069 2193 1204 2277 diligen·

164 2299 275 2363 tiorum
289 2297 439 2363 industria
453 2298 492 2360 ali
508 2307 540 2359 et
554 2299 617 2360 otio
634 2296 694 2358 frui
709 2313 770 2361 non
785 2297 980 2373 erubescent.
1208 2361 1211 2366 ,

229 2401 281 2466 94.
306 2402 392 2474 Quae
409 2419 478 2466 oum
494 2401 535 2463 ita
550 2402 620 2479 sint,
641 2408 673 2463 et
689 2408 771 2465 lanta
788 2400 869 2462 vitae
885 2401 1023 2482 privatae
1040 2411 1072 2466 et
1086 2417 1204 2466 morum

164 2507 246 2589 apud
264 2524 371 2571 omnes
390 2513 502 2587 gentes
523 2506 703 2583 usitatorum
726 2504 892 2568 immutatio
915 2507 993 2569 ellici
1017 2504 1077 2576 riou
1098 2509 1210 2587 possit,¹

163 2611 268 2692 populi
283 2611 315 2672 in
329 2610 422 2675 rebus
437 2609 613 2674 domesticis
627 2609 817 2691 prosperitas
836 2609 919 2672 nullo
939 2609 998 2673 alio
1014 2615 1087 2692 eget
1107 2627 1204 2690 prae-

164 2715 540 2797 sidio,quamprivatorum
550 2715 750 2778 dominiorum
762 2712 963 2793 dispositione
973 2714 1092 2794 aptiore
1101 2721 1132 2776 el
1142 2713 1203 2776 uti-

164 2822 243 2884 liore
281 2819 358 2883 lllud
373 2820 453 2885 enim
468 2827 587 2883 certum
602 2827 660 2896 est,
673 2836 780 2880 eorum
797 2819 1038 2884 constitutionem
1054 2820 1203 2883 communi

165 2925 454 2988 anniumlibenate
469 2942 558 3004 quam
573 2925 703 2987 maxirne
719 2939 790 2984 esse
806 2921 1019 3001 favorabilem,
1041 2941 1111 2986 cum
1125 2925 1213 2988 lucri.

164 3047 238 3111 spes
253 3028 447 3096 fortissimum
456 3038 487 3091 et
494 3028 660 3092 industriae
670 3035 701 3090 et
707 3024 892 3094 assiduitatis
908 3027 947 3088 sit
962 3027 1202 3103 incitamentum

164 3150 316 3198 eoomues
325 3141 409 3197 artes
419 3135 613 3215 omniumque
623 3133 770 3197 bonarum
782 3148 883 3194 rerum
891 3131 989 3194 studia
1000 3131 1037 3193 ad
1047 3149 1117 3196 eum
1125 3131 1204 3196 elata

163 3238 223 3302 sint
234 3237 434 3318 perfectionis
444 3238 679 3321 gradumquam
691 3236 784 3301 bodie
797 3233 1023 3300 admiramuret
1035 3253 1107 3298 raro
1121 3234 1203 3298 lallit

164 3343 351 3407 notissimum
362 3343 654 3424 illudprorerbium:
672 3341 739 3406 „bii
749 3339 906 3406 laboribus
921 3342 1020 3404 omnia
1037 3339 1202 3402 vendunt«.

230 3445 320 3509 Absit
335 3464 423 3529 ergo,
439 3456 473 3510 ut
487 3447 617 3511 dominia
632 3447 749 3529 privata
772 3443 927 3518 tollantur3
952 3441 1128 3524 quaerenda
1147 3460 1203 3506 so-

164 3549 317 3614 lummodo
335 3559 406 3614 sunt
427 3551 563 3616 remedia
583 3551 787 3629 iniquitatum,
807 3566 886 3629 quea
907 3549 944 3610 iis
966 3549 1133 3630 gignuntur
1153 3555 1212 3608 eut·

164 3654 393 3726 inhibendamm
403 3663 454 3719 aut
462 3653 713 3736 expellendarum
724 3653 909 3733 elperioulis
919 3650 1114 3727 occurrendi,
1123 3667 1202 3731 quae
1312 3703 1315 3708 ,

164 3777 205 3822 ex
219 3759 311 3822 nimia
325 3761 578 3823 commerciorum
590 3757 678 3820 atrei
692 3757 853 3836 operariae
869 3757 1009 3820 libertate
1026 3760 1211 3818 nascuntur..

163 3862 240 3928 Sunt
255 3879 293 3924 ea
308 3863 407 3926 media
422 3865 499 3928 rarii
515 3863 641 3945 generis
661 3858 815 3941 praesidia
831 3859 981 3941 adjutoria
997 3867 1029 3922 et
1043 3865 1202 3938 tempera·

163 3974 273 4030 menta.
312 3966 490 4048 lugeantur
510 3967 599 4028 etiam
620 3963 818 4026 hereditatum
834 3963 1007 4026 remotioris
1022 3961 1136 4046 gradus
1152 3970 1209 4024 aul

166 4072 324 4134 extraneis
339 4071 506 4137 delatarum
520 4068 803 4146 comendaremus
820 4068 958 4146 civitatis,
968 4063 1215 4149 provinciarum..

165 4174 396 4255 municipiorum
417 4176 506 4238 immo
522 4177 661 4238 vicorum
676 4189 752 4254 opes
769 4179 802 4234 et
816 4173 847 4236 in
862 4173 994 4237 omnium
1014 4171 1215 4239 commodum.-
