3109 5292
658 559 702 626 45

159 739 237 819 rice,
252 739 273 804 i.
288 758 316 803 e.
330 739 517 816 temperatim
539 739 630 812 (licet
645 737 750 801 morali
765 742 896 811 tanum)
915 737 1105 800 necestitate
1119 751 1200 818 pro·

159 844 241 926 poni.
264 845 345 908 Duas
361 842 477 906 idcirco
495 861 600 908 earum
616 842 761 906 formulas
782 843 896 922 posuit;
920 859 957 904 cc
978 842 1106 902 satam
1127 840 1200 922 qui-

161 947 232 1012 dem
247 948 343 1012 illam:
358 948 389 1010 in
405 966 439 1011 se
455 947 567 1011 bonnm
581 965 651 1010 esse
667 964 757 1009 omne
773 946 932 1010 eonsilium
947 955 998 1010 ant
1012 945 1200 1027 propositum

161 1069 343 1132 omnemque
373 1052 537 1129 actionem,
567 1053 654 1135 quus
685 1052 762 1113 ratio
776 1067 827 1112 ca
849 1050 902 1129 sit,
925 1058 959 1113 ut
978 1067 1036 1132 pro
1061 1049 1199 1132 generali

160 1155 273 1238 agendi
288 1174 392 1219 norma
409 1155 568 1220 observari
583 1157 693 1236 possit;
712 1156 798 1226 iuris
814 1162 913 1217 autem
928 1154 1019 1219 haue:
1035 1156 1066 1217 iu
1082 1154 1199 1217 exteris

159 1259 311 1324 nominum
327 1259 523 1324 relationibus
539 1278 606 1322 eam
626 1266 779 1340 perpetuo
802 1257 988 1341 sequendam
1010 1277 1081 1322 esse
1100 1259 1199 1322 retio-

159 1379 248 1443 nem4
272 1381 330 1445 qua
355 1363 501 1446 religiose
521 1372 660 1440 servata,
685 1364 711 1426 si
727 1363 757 1425 in
773 1363 876 1446 legem
894 1365 1071 1446 generalem
1090 1363 1199 1442 abiret,

159 1470 262 1532 nativa
285 1468 417 1532 omn-ium
439 1468 589 1534 hominum
614 1469 741 1532 libertas
769 1468 1040 1547 constare-possit
1080 1467 1199 1530 lustum

160 1574 255 1657 igitur
265 1587 341 1638 ¹esse
358 1572 524 1651 contendit,
532 1572 679 1654 quidquid
696 1591 764 1634 cum
780 1571 920 1634 libertate
935 1571 1067 1634 omnium
1082 1589 1199 1635 secuu-

161 1677 232 1741 dum
261 1693 396 1740 normam
426 1677 554 1758 aliqrram
584 1677 761 1759 generalem
787 1676 959 1739 consistere
987 1676 1092 1756 possit
1133 1675 1200 1740 llus

158 1799 237 1845 reru
253 1781 351 1861 addit¹
371 1779 408 1844 ad
425 1797 514 1843 omne
525 1782 603 1862 juris
620 1780 778 1860 officium.
790 1789 930 1862 uuquam
945 1780 983 1842 al>
997 1781 1065 1863 ipsa
1079 1780 1198 1844 radone

160 1882 565 1969 praeceptumexplendum
582 1903 636 1948 nos
652 1884 689 1948 ab
706 1901 756 1964 eo,
766 1887 855 1968 cujus
869 1885 997 1963 intersit,
1005 1901 1100 1966 posse
1115 1885 1199 1966 cogi,

159 1991 303 2070 quoniam
319 1986 470 2070 ejusmodi
485 1989 617 2066 coactio,
640 1998 674 2053 ut
695 1997 802 2053 contra
821 1989 933 2052 illatam
953 1989 1041 2052 uobis
1060 1989 1199 2071 injuriam

160 2094 280 2158 directa
307 2095 373 2172 vis,
399 2102 430 2156 et
451 2095 519 2174 ipsu
542 2095 625 2176 justa
647 2095 694 2156 sit.
732 2092 882 2176 Competit
909 2093 1005 2174 igitur
1031 2091 1197 2156 secundam

158 2197 299 2261 Kandnm
315 2197 395 2261 omni
410 2196 533 2276 homini,
554 2198 667 2279 quippe
683 2197 803 2261 ratione
818 2204 850 2258 et
864 2197 962 2259 libera
976 2195 1130 2259 voluntate
1145 2197 1197 2258 in-

158 2308 286 2381 structo,
310 2286 412 2364 nativa
434 2300 486 2363 illa
509 2301 650 2379 libertas,
675 2310 707 2364 ut
725 2303 776 2385 jus
796 2302 863 2382 ejus
882 2301 1095 2383 primigenium
1108 2303 1203 2381 cvr..

157 2405 270 2482 rectt)
291 2412 382 2485 atque
401 2405 500 2468 solum
514 2406 726 2488 primordiale,
749 2405 887 2486 quonium
902 2423 943 2467 ex
958 2422 997 2468 eo
1012 2413 1115 2468 cetera
1126 2407 1198 2488 jura

158 2509 310 2572 mimalia
324 2509 572 2590 proficiscantur,
593 2510 689 2574 veluti
709 2509 921 2573 incolumitatis
941 2510 1021 2572 vitce
1037 2516 1069 2570 et
1082 2525 1198 2589 corpo·

157 2613 214 2691 ris,
231 2613 471 2690 existimationis,
487 2631 538 2676 res
555 2621 690 2694 exteras,
706 2631 786 2695 quae
800 2611 912 2676 nullius
928 2613 1004 2690 sint,
1025 2612 1198 2694 occupandi

159 2723 193 2778 et
212 2724 245 2778 ut
267 2716 408 2798 proprius
431 2717 488 2780 sibi
510 2717 658 2797 habendi,
684 2718 891 2797 universaque
918 2716 1039 2780 socialis
1062 2715 1199 2780 libertas

158 2819 213 2884 Est
228 2820 323 2901 igitur
337 2819 573 2902 uuiuscujusque
589 2829 673 2884 certa
689 2840 725 2884 ac
740 2821 899 2884 terminata
914 2820 994 2903 juris
1014 2820 1099 2901 quasi
1119 2837 1199 2900 pro·

158 2925 275 3002 vincia,
295 2941 383 3004 quam
397 2923 543 2986 invadere
559 2925 610 2987 vel
625 2925 691 2988 sine
707 2942 860 2989 consensu
875 2931 982 2987 nostro
1001 2922 1122 3006 ingredi
1136 2941 1198 2985 ue·

157 3027 231 3090 mirri
246 3026 293 3090 las
308 3028 357 3090 sit
394 3025 575 3109 Competunt
591 3035 691 3091 cutem
713 3029 801 3092 nohis
821 3028 900 3090 haec
911 3029 983 3110 jura
997 3026 1029 3088 in
1043 3033 1124 3090 statu
1138 3045 1199 3089 ua·

157 3130 249 3194 turali
262 3133 447 3208 provisoris,
463 3133 494 3194 in
510 3132 592 3196 civili
609 3132 754 3195 societate
768 3132 972 3207 percoeleste,
993 3131 1014 3192 i.
1030 3149 1057 3194 e.
1072 3132 1199 3194 urere-'-

158 3234 246 3297 canili
262 3234 387 3298 ratione.
425 3234 542 3307 Quibus
558 3234 759 3298 fundamentis
774 3233 883 3314 positis
897 3232 1023 3295 llautius
1042 3232 1200 3315 generatis

153 3337 235 3420 juris
251 3339 378 3420 privati,
398 3339 528 3419 publici,
547 3339 700 3422 gentium,
721 3338 812 3400 immo
827 3337 921 3400 totius
936 3337 1062 3419 generis
1077 3335 1199 3400 humaui

156 3459 217 3525 per
231 3451 383 3506 terrarum
399 3442 505 3506 orbem
521 3442 652 3524 dispersi
672 3446 840 3524 praecepta
854 3442 886 3505 iu
900 3442 975 3504 artis
994 3439 1134 3504 ordinem
1147 3438 1200 3503 di·

157 3555 246 3631 gesta
261 3548 292 3611 in
307 3548 387 3612 libro
404 3563 461 3612 suo
476 3547 625 3629 proponit

225 3649 278 3715 ut.
302 3652 418 3714 Ficttii
433 3657 475 3727 (†
493 3648 597 3724 1814)
613 3649 652 3712 de
663 3650 744 3732 juris
758 3650 906 3714 naturalis
921 3647 1072 3730 principie
1087 3663 1124 3709 nc
1137 3644 1198 3708 line

157 3757 296 3822 tractatio
321 3755 351 3831 ²)
375 3756 406 3819 iu
426 3756 472 3818 his
494 3755 681 3837 potissimum
703 3772 720 3816 a
742 3753 841 3816 llantii
865 3751 1005 3814 doctrina
1033 3750 1199 3829 discrepat,

158 3858 241 3941 quod
257 3859 295 3922 ab
311 3860 501 3933 mesticiam,
517 3875 610 3938 quam
620 3858 794 3943 proposuit,
815 3855 1024 3938 philosophiae
1040 3852 1200 3934 disciplina

157 3963 369 4046 proficiscens,
379 3963 474 4046 ipsam
485 3963 565 4046 J'uris
582 3965 736 4028 notionem
745 3958 1056 4044 argumentationibus
1071 3956 1198 4024 senune

213 4181 238 4248 1)
258 4178 410 4249 aarum
428 4180 473 4235 des
491 4179 661 4234 Naturaecluts
682 4180 758 4232 1796.
