<?xml version="1.0" encoding="UTF-8"?>
<!DOCTYPE html PUBLIC "-//W3C//DTD XHTML 1.0 Transitional//EN"
    "http://www.w3.org/TR/xhtml1/DTD/xhtml1-transitional.dtd">
<html xmlns="http://www.w3.org/1999/xhtml" xml:lang="en" lang="en">
 <head>
  <title>
</title>
<meta http-equiv="Content-Type" content="text/html;charset=utf-8" />
  <meta name='ocr-system' content='tesseract 3.04.00' />
  <meta name='ocr-capabilities' content='ocr_page ocr_carea ocr_par ocr_line ocrx_word'/>
</head>
<body>
  <div class='ocr_page' id='page_1' title='image "./philosophiaejur00warngoog_0080.png"; bbox 0 0 3109 5292; ppageno 0'>
   <div class='ocr_carea' id='block_1_1' title="bbox 699 553 744 636">
    <p class='ocr_par' dir='ltr' id='par_1_1' title="bbox 699 553 744 636">
     <span class='ocr_line' id='line_1_1' title="bbox 699 553 744 636; baseline 0 0"><span class='ocrx_word' id='word_1_1' title='bbox 699 553 744 636; x_wconf 69' lang='grc'>69</span> 
     </span>
    </p>
   </div>
   <div class='ocr_carea' id='block_1_2' title="bbox 200 731 1243 3520">
    <p class='ocr_par' dir='ltr' id='par_1_2' title="bbox 200 731 1242 1543">
     <span class='ocr_line' id='line_1_2' title="bbox 200 731 1240 816; baseline 0.005 -19"><span class='ocrx_word' id='word_1_2' title='bbox 200 731 269 814; x_wconf 75' lang='lat' dir='ltr'>ipsa</span> <span class='ocrx_word' id='word_1_3' title='bbox 281 731 316 797; x_wconf 79' lang='lat' dir='ltr'>ut</span> <span class='ocrx_word' id='word_1_4' title='bbox 331 749 392 796; x_wconf 91' lang='lat' dir='ltr'>non</span> <span class='ocrx_word' id='word_1_5' title='bbox 403 731 482 814; x_wconf 81' lang='lat' dir='ltr'>juris</span> <span class='ocrx_word' id='word_1_6' title='bbox 497 732 552 798; x_wconf 85' lang='lat' dir='ltr'>sed</span> <span class='ocrx_word' id='word_1_7' title='bbox 569 732 641 796; x_wconf 80' lang='lat' dir='ltr'>tecti</span> <span class='ocrx_word' id='word_1_8' title='bbox 656 739 769 796; x_wconf 82' lang='lat' dir='ltr'>tontum</span> <span class='ocrx_word' id='word_1_9' title='bbox 785 739 867 795; x_wconf 69' lang='lat' dir='ltr'>sunt.</span> <span class='ocrx_word' id='word_1_10' title='bbox 904 733 1041 816; x_wconf 76' lang='lat' dir='ltr'>Namque</span> <span class='ocrx_word' id='word_1_11' title='bbox 1057 744 1164 803; x_wconf 79' lang='lat' dir='ltr'>nature</span> <span class='ocrx_word' id='word_1_12' title='bbox 1181 739 1240 802; x_wconf 85' lang='lat' dir='ltr'>de-</span> 
     </span>
     <span class='ocr_line' id='line_1_3' title="bbox 204 837 1242 922; baseline 0.007 -23"><span class='ocrx_word' id='word_1_13' title='bbox 204 856 288 901; x_wconf 84' lang='lat' dir='ltr'>mum</span> <span class='ocrx_word' id='word_1_14' title='bbox 311 855 417 901; x_wconf 80' lang='lat' dir='ltr'>cerum</span> <span class='ocrx_word' id='word_1_15' title='bbox 440 856 457 900; x_wconf 86' lang='lat' dir='ltr'>e</span> <span class='ocrx_word' id='word_1_16' title='bbox 479 847 580 904; x_wconf 86' lang='lat' dir='ltr'>mente</span> <span class='ocrx_word' id='word_1_17' title='bbox 603 856 659 903; x_wconf 90' lang='lat' dir='ltr'>seu</span> <span class='ocrx_word' id='word_1_18' title='bbox 680 837 797 902; x_wconf 79' lang='lat' dir='ltr'>ratione</span> <span class='ocrx_word' id='word_1_19' title='bbox 819 844 923 907; x_wconf 84' lang='lat' dir='ltr'>nostru</span> <span class='ocrx_word' id='word_1_20' title='bbox 944 839 993 901; x_wconf 79' lang='lat' dir='ltr'>ito.</span> <span class='ocrx_word' id='word_1_21' title='bbox 1006 841 1183 922; x_wconf 80' lang='lat' dir='ltr'>explorato,</span> <span class='ocrx_word' id='word_1_22' title='bbox 1207 851 1242 905; x_wconf 89' lang='lat' dir='ltr'>ut</span> 
     </span>
     <span class='ocr_line' id='line_1_4' title="bbox 204 940 1241 1024; baseline 0.004 -20"><span class='ocrx_word' id='word_1_23' title='bbox 204 959 439 1024; x_wconf 75' lang='lat' dir='ltr'><strong>cognoscamus,</strong></span> <span class='ocrx_word' id='word_1_24' title='bbox 455 940 527 1022; x_wconf 86' lang='lat' dir='ltr'>quid</span> <span class='ocrx_word' id='word_1_25' title='bbox 543 942 708 1022; x_wconf 80' lang='lat' dir='ltr'>unicuique</span> <span class='ocrx_word' id='word_1_26' title='bbox 724 959 841 1021; x_wconf 88' lang='lat' dir='ltr'>eorum,</span> <span class='ocrx_word' id='word_1_27' title='bbox 863 944 943 1004; x_wconf 90' lang='lat' dir='ltr'>inter</span> <span class='ocrx_word' id='word_1_28' title='bbox 957 961 1034 1024; x_wconf 90' lang='lat' dir='ltr'>quos</span> <span class='ocrx_word' id='word_1_29' title='bbox 1049 945 1241 1008; x_wconf 80' lang='lat' dir='ltr'>intercesse-</span> 
     </span>
     <span class='ocr_line' id='line_1_5' title="bbox 203 1045 1240 1130; baseline 0.004 -22"><span class='ocrx_word' id='word_1_30' title='bbox 203 1053 291 1123; x_wconf 84' lang='lat' dir='ltr'>runt,</span> <span class='ocrx_word' id='word_1_31' title='bbox 315 1045 506 1114; x_wconf 85' lang='lat' dir='ltr'>tribuendum</span> <span class='ocrx_word' id='word_1_32' title='bbox 529 1047 582 1124; x_wconf 86' lang='lat' dir='ltr'>sit,</span> <span class='ocrx_word' id='word_1_33' title='bbox 610 1045 721 1125; x_wconf 75' lang='lat' dir='ltr'>aliquid</span> <span class='ocrx_word' id='word_1_34' title='bbox 746 1063 806 1125; x_wconf 90' lang='lat' dir='ltr'>pro</span> <span class='ocrx_word' id='word_1_35' title='bbox 826 1047 910 1127; x_wconf 82' lang='lat' dir='ltr'>justo</span> <span class='ocrx_word' id='word_1_36' title='bbox 932 1046 1047 1117; x_wconf 79' lang='lat' dir='ltr'>hahere</span> <span class='ocrx_word' id='word_1_37' title='bbox 1070 1049 1240 1130; x_wconf 76' lang='lat' dir='ltr'>incipimus</span> 
     </span>
     <span class='ocr_line' id='line_1_6' title="bbox 204 1149 1241 1233; baseline 0.001 -19"><span class='ocrx_word' id='word_1_38' title='bbox 204 1149 279 1219; x_wconf 84' lang='lat' dir='ltr'>Cum</span> <span class='ocrx_word' id='word_1_39' title='bbox 293 1150 388 1233; x_wconf 80' lang='lat' dir='ltr'>igitur</span> <span class='ocrx_word' id='word_1_40' title='bbox 404 1151 503 1214; x_wconf 86' lang='lat' dir='ltr'>omnis</span> <span class='ocrx_word' id='word_1_41' title='bbox 512 1151 589 1232; x_wconf 86' lang='lat' dir='ltr'>justi</span> <span class='ocrx_word' id='word_1_42' title='bbox 603 1149 737 1213; x_wconf 84' lang='lat' dir='ltr'>definitio</span> <span class='ocrx_word' id='word_1_43' title='bbox 754 1168 771 1211; x_wconf 85' lang='lat' dir='ltr'>c</span> <span class='ocrx_word' id='word_1_44' title='bbox 787 1149 905 1211; x_wconf 74' lang='lat' dir='ltr'>ratione</span> <span class='ocrx_word' id='word_1_45' title='bbox 918 1159 1022 1213; x_wconf 87' lang='lat' dir='ltr'>nostre</span> <span class='ocrx_word' id='word_1_46' title='bbox 1035 1152 1241 1232; x_wconf 81' lang='lat' dir='ltr'>qnnsidietnts</span> 
     </span>
     <span class='ocr_line' id='line_1_7' title="bbox 203 1254 1241 1336; baseline 0.002 -18"><span class='ocrx_word' id='word_1_47' title='bbox 203 1257 254 1333; x_wconf 82' lang='lat' dir='ltr'>sit,</span> <span class='ocrx_word' id='word_1_48' title='bbox 270 1255 398 1320; x_wconf 79' lang='lat' dir='ltr'>atterum</span> <span class='ocrx_word' id='word_1_49' title='bbox 413 1254 492 1317; x_wconf 86' lang='lat' dir='ltr'>henc</span> <span class='ocrx_word' id='word_1_50' title='bbox 505 1255 696 1316; x_wconf 75' lang='lat' dir='ltr'><strong><em>rationalem</em></strong></span> <span class='ocrx_word' id='word_1_51' title='bbox 712 1255 810 1316; x_wconf 86' lang='lat' dir='ltr'>omnis</span> <span class='ocrx_word' id='word_1_52' title='bbox 820 1255 901 1336; x_wconf 85' lang='lat' dir='ltr'>juris</span> <span class='ocrx_word' id='word_1_53' title='bbox 917 1256 1121 1319; x_wconf 85' lang='lat' dir='ltr'>conditionem</span> <span class='ocrx_word' id='word_1_54' title='bbox 1137 1258 1241 1320; x_wconf 87' lang='lat' dir='ltr'>dicere</span> 
     </span>
     <span class='ocr_line' id='line_1_8' title="bbox 203 1357 1241 1440; baseline 0.001 -19"><span class='ocrx_word' id='word_1_55' title='bbox 203 1358 291 1428; x_wconf 84' lang='lat' dir='ltr'>nobis</span> <span class='ocrx_word' id='word_1_56' title='bbox 314 1359 414 1421; x_wconf 80' lang='lat' dir='ltr'>liccat</span> <span class='ocrx_word' id='word_1_57' title='bbox 453 1357 502 1424; x_wconf 88' lang='lat' dir='ltr'>Sic</span> <span class='ocrx_word' id='word_1_58' title='bbox 517 1376 605 1421; x_wconf 88' lang='lat' dir='ltr'>omno</span> <span class='ocrx_word' id='word_1_59' title='bbox 617 1360 668 1440; x_wconf 88' lang='lat' dir='ltr'>jus</span> <span class='ocrx_word' id='word_1_60' title='bbox 685 1366 744 1422; x_wconf 84' lang='lat' dir='ltr'>tem</span> <span class='ocrx_word' id='word_1_61' title='bbox 760 1357 968 1419; x_wconf 81' lang='lat' dir='ltr'>immateriali</span> <span class='ocrx_word' id='word_1_62' title='bbox 984 1379 1074 1440; x_wconf 85' lang='lat' dir='ltr'>quem</span> <span class='ocrx_word' id='word_1_63' title='bbox 1089 1362 1121 1422; x_wconf 90' lang='lat' dir='ltr'>in</span> <span class='ocrx_word' id='word_1_64' title='bbox 1134 1364 1241 1423; x_wconf 85' lang='lat' dir='ltr'>ratio·</span> 
     </span>
     <span class='ocr_line' id='line_1_9' title="bbox 201 1461 697 1543; baseline 0 -21"><span class='ocrx_word' id='word_1_65' title='bbox 201 1463 269 1522; x_wconf 83' lang='lat' dir='ltr'>coti</span> <span class='ocrx_word' id='word_1_66' title='bbox 285 1461 479 1527; x_wconf 72' lang='lat' dir='ltr'>[coceineum</span> <span class='ocrx_word' id='word_1_67' title='bbox 494 1469 542 1524; x_wconf 84' lang='lat' dir='ltr'>cst</span> <span class='ocrx_word' id='word_1_68' title='bbox 557 1462 697 1543; x_wconf 80' lang='lat' dir='ltr'>positum.</span> 
     </span>
    </p>

    <p class='ocr_par' dir='ltr' id='par_1_3' title="bbox 200 1562 1243 2793">
     <span class='ocr_line' id='line_1_10' title="bbox 268 1562 1241 1647; baseline 0.001 -19"><span class='ocrx_word' id='word_1_69' title='bbox 268 1565 316 1630; x_wconf 82' lang='lat'>111.</span> <span class='ocrx_word' id='word_1_70' title='bbox 338 1565 427 1630; x_wconf 79' lang='lat' dir='ltr'>Nullo</span> <span class='ocrx_word' id='word_1_71' title='bbox 443 1583 518 1628; x_wconf 85' lang='lat' dir='ltr'>vcro</span> <span class='ocrx_word' id='word_1_72' title='bbox 534 1582 605 1638; x_wconf 86' lang='lat' dir='ltr'>esse</span> <span class='ocrx_word' id='word_1_73' title='bbox 621 1569 724 1644; x_wconf 84' lang='lat' dir='ltr'>potest</span> <span class='ocrx_word' id='word_1_74' title='bbox 745 1562 785 1624; x_wconf 86' lang='lat' dir='ltr'>dc</span> <span class='ocrx_word' id='word_1_75' title='bbox 797 1565 882 1645; x_wconf 78' lang='lat' dir='ltr'>Justo</span> <span class='ocrx_word' id='word_1_76' title='bbox 897 1565 1047 1628; x_wconf 83' lang='lat' dir='ltr'>sententio</span> <span class='ocrx_word' id='word_1_77' title='bbox 1063 1565 1241 1647; x_wconf 74' lang='lat' dir='ltr'>velocium,</span> 
     </span>
     <span class='ocr_line' id='line_1_11' title="bbox 201 1669 1241 1750; baseline 0.001 -18"><span class='ocrx_word' id='word_1_78' title='bbox 201 1670 260 1734; x_wconf 86' lang='lat' dir='ltr'>nisi</span> <span class='ocrx_word' id='word_1_79' title='bbox 275 1671 402 1750; x_wconf 78' lang='lat' dir='ltr'>quaein</span> <span class='ocrx_word' id='word_1_80' title='bbox 418 1677 519 1732; x_wconf 81' lang='lat' dir='ltr'>mente</span> <span class='ocrx_word' id='word_1_81' title='bbox 535 1670 663 1750; x_wconf 82' lang='lat' dir='ltr'>alicujus</span> <span class='ocrx_word' id='word_1_82' title='bbox 680 1675 791 1730; x_wconf 79' lang='lat' dir='ltr'>exorto</span> <span class='ocrx_word' id='word_1_83' title='bbox 806 1676 839 1731; x_wconf 89' lang='lat' dir='ltr'>et</span> <span class='ocrx_word' id='word_1_84' title='bbox 853 1687 871 1730; x_wconf 85' lang='lat' dir='ltr'>n</span> <span class='ocrx_word' id='word_1_85' title='bbox 884 1669 1038 1733; x_wconf 80' lang='lat' dir='ltr'>voluntate</span> <span class='ocrx_word' id='word_1_86' title='bbox 1047 1670 1114 1750; x_wconf 85' lang='lat' dir='ltr'>ejus</span> <span class='ocrx_word' id='word_1_87' title='bbox 1124 1687 1241 1750; x_wconf 83' lang='lat' dir='ltr'>oppro-</span> 
     </span>
     <span class='ocr_line' id='line_1_12' title="bbox 201 1772 1242 1853; baseline 0 -17"><span class='ocrx_word' id='word_1_88' title='bbox 201 1775 272 1836; x_wconf 83' lang='lat' dir='ltr'>bntc</span> <span class='ocrx_word' id='word_1_89' title='bbox 294 1775 342 1838; x_wconf 74' lang='lat' dir='ltr'>sii</span> <span class='ocrx_word' id='word_1_90' title='bbox 379 1772 445 1836; x_wconf 84' lang='lat' dir='ltr'>Erit</span> <span class='ocrx_word' id='word_1_91' title='bbox 465 1775 569 1852; x_wconf 80' lang='lat' dir='ltr'>itaque</span> <span class='ocrx_word' id='word_1_92' title='bbox 588 1780 640 1834; x_wconf 86' lang='lat' dir='ltr'>cut</span> <span class='ocrx_word' id='word_1_93' title='bbox 655 1774 724 1834; x_wconf 84' lang='lat' dir='ltr'>coto</span> <span class='ocrx_word' id='word_1_94' title='bbox 739 1773 830 1834; x_wconf 90' lang='lat' dir='ltr'>unius</span> <span class='ocrx_word' id='word_1_95' title='bbox 851 1780 902 1836; x_wconf 85' lang='lat' dir='ltr'>aut</span> <span class='ocrx_word' id='word_1_96' title='bbox 923 1772 1055 1853; x_wconf 85' lang='lat' dir='ltr'>plurium</span> <span class='ocrx_word' id='word_1_97' title='bbox 1071 1777 1242 1836; x_wconf 79' lang='lat' dir='ltr'>comrncnie</span> 
     </span>
     <span class='ocr_line' id='line_1_13' title="bbox 201 1874 1242 1960; baseline -0.002 -18"><span class='ocrx_word' id='word_1_98' title='bbox 201 1879 318 1960; x_wconf 79' lang='lat' dir='ltr'>opinio</span> <span class='ocrx_word' id='word_1_99' title='bbox 350 1874 424 1940; x_wconf 85' lang='lat' dir='ltr'>Cum</span> <span class='ocrx_word' id='word_1_100' title='bbox 441 1885 605 1955; x_wconf 85' lang='lat' dir='ltr'>entem‚.ut</span> <span class='ocrx_word' id='word_1_101' title='bbox 620 1893 712 1956; x_wconf 84' lang='lat' dir='ltr'>supra</span> <span class='ocrx_word' id='word_1_102' title='bbox 728 1879 942 1956; x_wconf 79' lang='lat' dir='ltr'><strong>exposuimus,</strong></span> <span class='ocrx_word' id='word_1_103' title='bbox 965 1878 1018 1938; x_wconf 81' lang='lat' dir='ltr'>lex</span> <span class='ocrx_word' id='word_1_104' title='bbox 1028 1877 1166 1959; x_wconf 63' lang='lat' dir='ltr'>iustitiae</span> <span class='ocrx_word' id='word_1_105' title='bbox 1180 1896 1242 1940; x_wconf 91' lang='lat' dir='ltr'>non</span> 
     </span>
     <span class='ocr_line' id='line_1_14' title="bbox 202 1981 1241 2064; baseline 0 -20"><span class='ocrx_word' id='word_1_106' title='bbox 202 1983 305 2046; x_wconf 85' lang='lat' dir='ltr'>minus</span> <span class='ocrx_word' id='word_1_107' title='bbox 331 2001 422 2062; x_wconf 83' lang='lat' dir='ltr'>quem</span> <span class='ocrx_word' id='word_1_108' title='bbox 443 1989 567 2044; x_wconf 85' lang='lat' dir='ltr'>cctcrce</span> <span class='ocrx_word' id='word_1_109' title='bbox 593 1981 681 2062; x_wconf 81' lang='lat' dir='ltr'>leges</span> <span class='ocrx_word' id='word_1_110' title='bbox 706 1981 838 2043; x_wconf 88' lang='lat' dir='ltr'>moroles</span> <span class='ocrx_word' id='word_1_111' title='bbox 861 1989 920 2044; x_wconf 85' lang='lat' dir='ltr'>tom</span> <span class='ocrx_word' id='word_1_112' title='bbox 944 1981 1082 2064; x_wconf 83' lang='lat' dir='ltr'>singulos</span> <span class='ocrx_word' id='word_1_113' title='bbox 1105 1981 1241 2044; x_wconf 89' lang='lat' dir='ltr'>homines</span> 
     </span>
     <span class='ocr_line' id='line_1_15' title="bbox 201 2074 1243 2167; baseline 0 -18"><span class='ocrx_word' id='word_1_114' title='bbox 201 2103 294 2166; x_wconf 83' lang='lat' dir='ltr'>qusm</span> <span class='ocrx_word' id='word_1_115' title='bbox 315 2085 445 2167; x_wconf 85' lang='lat' dir='ltr'>populos</span> <span class='ocrx_word' id='word_1_116' title='bbox 460 2103 573 2167; x_wconf 79' lang='lat' dir='ltr'>regere</span> <span class='ocrx_word' id='word_1_117' title='bbox 589 2085 722 2164; x_wconf 80' lang='lat' dir='ltr'>solccnt3</span> <span class='ocrx_word' id='word_1_118' title='bbox 755 2074 863 2146; x_wconf 83' lang='lat' dir='ltr'>omncs</span> <span class='ocrx_word' id='word_1_119' title='bbox 884 2086 958 2166; x_wconf 87' lang='lat' dir='ltr'>justi</span> <span class='ocrx_word' id='word_1_120' title='bbox 979 2085 1171 2148; x_wconf 85' lang='lat' dir='ltr'>definitiones</span> <span class='ocrx_word' id='word_1_121' title='bbox 1191 2094 1243 2149; x_wconf 82' lang='lat' dir='ltr'>cut</span> 
     </span>
     <span class='ocr_line' id='line_1_16' title="bbox 202 2189 1242 2272; baseline -0.001 -20"><span class='ocrx_word' id='word_1_122' title='bbox 202 2189 393 2272; x_wconf 77' lang='lat' dir='ltr'>singulorum</span> <span class='ocrx_word' id='word_1_123' title='bbox 414 2197 471 2254; x_wconf 83' lang='lat' dir='ltr'>cut·</span> <span class='ocrx_word' id='word_1_124' title='bbox 485 2189 614 2271; x_wconf 82' lang='lat' dir='ltr'>alicujus</span> <span class='ocrx_word' id='word_1_125' title='bbox 634 2190 739 2270; x_wconf 84' lang='lat' dir='ltr'>populi</span> <span class='ocrx_word' id='word_1_126' title='bbox 754 2197 850 2265; x_wconf 82' lang='lat' dir='ltr'>erunt¹</span> <span class='ocrx_word' id='word_1_127' title='bbox 861 2191 972 2270; x_wconf 78' lang='lat' dir='ltr'>placite</span> <span class='ocrx_word' id='word_1_128' title='bbox 978 2211 987 2267; x_wconf 83' lang='lat'>3</span> <span class='ocrx_word' id='word_1_129' title='bbox 1011 2191 1089 2255; x_wconf 86' lang='lat' dir='ltr'>heco</span> <span class='ocrx_word' id='word_1_130' title='bbox 1105 2199 1167 2254; x_wconf 85' lang='lat' dir='ltr'>tum</span> <span class='ocrx_word' id='word_1_131' title='bbox 1182 2191 1242 2254; x_wconf 90' lang='lat' dir='ltr'>de·</span> 
     </span>
     <span class='ocr_line' id='line_1_17' title="bbox 202 2294 1241 2376; baseline 0 -18"><span class='ocrx_word' id='word_1_132' title='bbox 202 2313 300 2372; x_wconf 82' lang='lat' dir='ltr'>mnus,-</span> <span class='ocrx_word' id='word_1_133' title='bbox 320 2312 389 2356; x_wconf 93' lang='lat' dir='ltr'>cum</span> <span class='ocrx_word' id='word_1_134' title='bbox 403 2295 504 2374; x_wconf 78' lang='lat' dir='ltr'>clinum</span> <span class='ocrx_word' id='word_1_135' title='bbox 516 2295 592 2376; x_wconf 89' lang='lat' dir='ltr'>justi</span> <span class='ocrx_word' id='word_1_136' title='bbox 608 2295 768 2375; x_wconf 85' lang='lat' dir='ltr'>conceptio</span> <span class='ocrx_word' id='word_1_137' title='bbox 783 2302 910 2374; x_wconf 81' lang='lat' dir='ltr'>recepto</span> <span class='ocrx_word' id='word_1_138' title='bbox 925 2296 964 2357; x_wconf 87' lang='lat' dir='ltr'>sit</span> <span class='ocrx_word' id='word_1_139' title='bbox 978 2294 1241 2375; x_wconf 79' lang='lat' dir='ltr'>populisententie</span> 
     </span>
     <span class='ocr_line' id='line_1_18' title="bbox 202 2397 1240 2480; baseline 0.001 -20"><span class='ocrx_word' id='word_1_140' title='bbox 202 2405 236 2460; x_wconf 83' lang='lat' dir='ltr'>ct</span> <span class='ocrx_word' id='word_1_141' title='bbox 249 2399 384 2462; x_wconf 89' lang='lat' dir='ltr'>moribus</span> <span class='ocrx_word' id='word_1_142' title='bbox 400 2406 452 2462; x_wconf 81' lang='lat' dir='ltr'>cut</span> <span class='ocrx_word' id='word_1_143' title='bbox 467 2399 588 2480; x_wconf 82' lang='lat' dir='ltr'>legibus</span> <span class='ocrx_word' id='word_1_144' title='bbox 605 2398 808 2478; x_wconf 77' lang='lat' dir='ltr'>comprobem.</span> <span class='ocrx_word' id='word_1_145' title='bbox 842 2397 928 2470; x_wconf 80' lang='lat' dir='ltr'>Quod</span> <span class='ocrx_word' id='word_1_146' title='bbox 949 2400 976 2460; x_wconf 91' lang='lat' dir='ltr'>si</span> <span class='ocrx_word' id='word_1_147' title='bbox 1000 2400 1070 2474; x_wconf 87' lang='lat' dir='ltr'>fiet,</span> <span class='ocrx_word' id='word_1_148' title='bbox 1093 2398 1240 2468; x_wconf 79' lang='lat' dir='ltr'>iltuinrie</span> 
     </span>
     <span class='ocr_line' id='line_1_19' title="bbox 200 2501 1240 2586; baseline -0.004 -20"><span class='ocrx_word' id='word_1_149' title='bbox 200 2519 307 2566; x_wconf 87' lang='lat' dir='ltr'>omncs</span> <span class='ocrx_word' id='word_1_150' title='bbox 327 2502 546 2586; x_wconf 81' lang='lat' dir='ltr'>obstringentis</span> <span class='ocrx_word' id='word_1_151' title='bbox 567 2503 628 2565; x_wconf 90' lang='lat' dir='ltr'>vim</span> <span class='ocrx_word' id='word_1_152' title='bbox 649 2502 835 2564; x_wconf 72' lang='lat' dir='ltr'>nanciscitur</span> <span class='ocrx_word' id='word_1_153' title='bbox 857 2505 985 2584; x_wconf 87' lang='lat' dir='ltr'>ejusque</span> <span class='ocrx_word' id='word_1_154' title='bbox 1006 2501 1240 2583; x_wconf 75' lang='lat' dir='ltr'>dogmntciuric</span> 
     </span>
     <span class='ocr_line' id='line_1_20' title="bbox 200 2605 1239 2689; baseline 0 -21"><span class='ocrx_word' id='word_1_155' title='bbox 200 2607 332 2689; x_wconf 78' lang='lat' dir='ltr'>regulos</span> <span class='ocrx_word' id='word_1_156' title='bbox 353 2623 423 2685; x_wconf 86' lang='lat' dir='ltr'>seu,</span> <span class='ocrx_word' id='word_1_157' title='bbox 451 2615 493 2670; x_wconf 81' lang='lat' dir='ltr'>ut·</span> <span class='ocrx_word' id='word_1_158' title='bbox 508 2605 598 2670; x_wconf 83' lang='lat' dir='ltr'>hodic</span> <span class='ocrx_word' id='word_1_159' title='bbox 621 2605 726 2668; x_wconf 87' lang='lat' dir='ltr'>dicero</span> <span class='ocrx_word' id='word_1_160' title='bbox 749 2606 864 2684; x_wconf 79' lang='lat' dir='ltr'>solent,</span> <span class='ocrx_word' id='word_1_161' title='bbox 893 2607 972 2688; x_wconf 86' lang='lat' dir='ltr'>juris</span> <span class='ocrx_word' id='word_1_162' title='bbox 990 2606 1121 2681; x_wconf 80' lang='lat' dir='ltr'>positivi</span> <span class='ocrx_word' id='word_1_163' title='bbox 1140 2623 1239 2686; x_wconf 84' lang='lat' dir='ltr'>prce·</span> 
     </span>
     <span class='ocr_line' id='line_1_21' title="bbox 201 2711 598 2793; baseline -0.01 -18"><span class='ocrx_word' id='word_1_164' title='bbox 201 2719 291 2793; x_wconf 71' lang='lat' dir='ltr'>conte</span> <span class='ocrx_word' id='word_1_165' title='bbox 307 2711 548 2792; x_wconf 81' lang='lat' dir='ltr'>esscincipiunt.</span> <span class='ocrx_word' id='word_1_166' title='bbox 595 2756 598 2759; x_wconf 83' lang='grc'><strong>-</strong></span> 
     </span>
    </p>

    <p class='ocr_par' dir='ltr' id='par_1_4' title="bbox 200 2812 1240 3520">
     <span class='ocr_line' id='line_1_22' title="bbox 269 2812 1239 2897; baseline 0.005 -21"><span class='ocrx_word' id='word_1_167' title='bbox 269 2814 374 2877; x_wconf 91' lang='lat' dir='ltr'>Utrum</span> <span class='ocrx_word' id='word_1_168' title='bbox 387 2815 485 2895; x_wconf 79' lang='lat' dir='ltr'>alique</span> <span class='ocrx_word' id='word_1_169' title='bbox 497 2815 572 2897; x_wconf 84' lang='lat' dir='ltr'>justi</span> <span class='ocrx_word' id='word_1_170' title='bbox 588 2813 723 2876; x_wconf 80' lang='lat' dir='ltr'>definitio</span> <span class='ocrx_word' id='word_1_171' title='bbox 740 2833 757 2878; x_wconf 85' lang='lat' dir='ltr'>e</span> <span class='ocrx_word' id='word_1_172' title='bbox 773 2813 887 2894; x_wconf 83' lang='lat' dir='ltr'>populo</span> <span class='ocrx_word' id='word_1_173' title='bbox 901 2812 1030 2894; x_wconf 78' lang='lat' dir='ltr'>quodem</span> <span class='ocrx_word' id='word_1_174' title='bbox 1044 2814 1239 2894; x_wconf 75' lang='lat' dir='ltr'>comprobate</span> 
     </span>
     <span class='ocr_line' id='line_1_23' title="bbox 200 2918 1238 3000; baseline -0.009 -16"><span class='ocrx_word' id='word_1_175' title='bbox 200 2921 243 2984; x_wconf 84' lang='lat' dir='ltr'>sit</span> <span class='ocrx_word' id='word_1_176' title='bbox 255 2937 368 2998; x_wconf 88' lang='lat' dir='ltr'>necne,</span> <span class='ocrx_word' id='word_1_177' title='bbox 392 2921 423 2980; x_wconf 90' lang='lat' dir='ltr'>in</span> <span class='ocrx_word' id='word_1_178' title='bbox 438 2920 518 2982; x_wconf 82' lang='lat' dir='ltr'>fecto</span> <span class='ocrx_word' id='word_1_179' title='bbox 533 2919 742 3000; x_wconf 81' lang='lat' dir='ltr'>quaerendum</span> <span class='ocrx_word' id='word_1_180' title='bbox 761 2927 827 2995; x_wconf 85' lang='lat' dir='ltr'>cst,</span> <span class='ocrx_word' id='word_1_181' title='bbox 848 2918 1017 2997; x_wconf 86' lang='lat' dir='ltr'>etquidem</span> <span class='ocrx_word' id='word_1_182' title='bbox 1031 2921 1122 2992; x_wconf 73' lang='lat' dir='ltr'>facto</span> <span class='ocrx_word' id='word_1_183' title='bbox 1136 2919 1238 2976; x_wconf 77' lang='lat' dir='ltr'>cisto-</span> 
     </span>
     <span class='ocr_line' id='line_1_24' title="bbox 200 3020 1239 3104; baseline -0.003 -18"><span class='ocrx_word' id='word_1_184' title='bbox 200 3027 270 3086; x_wconf 79' lang='lat' dir='ltr'>rico</span> <span class='ocrx_word' id='word_1_185' title='bbox 286 3025 305 3086; x_wconf 87' lang='lat' dir='ltr'>i.</span> <span class='ocrx_word' id='word_1_186' title='bbox 320 3041 349 3086; x_wconf 80' lang='lat' dir='ltr'>e.</span> <span class='ocrx_word' id='word_1_187' title='bbox 371 3030 508 3104; x_wconf 82' lang='lat' dir='ltr'>tompore</span> <span class='ocrx_word' id='word_1_188' title='bbox 528 3023 638 3103; x_wconf 74' lang='lat' dir='ltr'>atiquo.</span> <span class='ocrx_word' id='word_1_189' title='bbox 650 3023 855 3104; x_wconf 82' lang='lat' dir='ltr'>contingente.</span> <span class='ocrx_word' id='word_1_190' title='bbox 885 3021 1065 3084; x_wconf 78' lang='lat' dir='ltr'>Rectissime</span> <span class='ocrx_word' id='word_1_191' title='bbox 1080 3022 1174 3104; x_wconf 78' lang='lat' dir='ltr'>igitur</span> <span class='ocrx_word' id='word_1_192' title='bbox 1188 3020 1239 3083; x_wconf 88' lang='lat' dir='ltr'>di-</span> 
     </span>
     <span class='ocr_line' id='line_1_25' title="bbox 201 3125 1240 3211; baseline -0.003 -21"><span class='ocrx_word' id='word_1_193' title='bbox 201 3145 307 3190; x_wconf 82' lang='lat' dir='ltr'>cemus</span> <span class='ocrx_word' id='word_1_194' title='bbox 336 3127 453 3192; x_wconf 86' lang='lat' dir='ltr'>duchns</span> <span class='ocrx_word' id='word_1_195' title='bbox 483 3127 637 3211; x_wconf 85' lang='lat' dir='ltr'>prioribus</span> <span class='ocrx_word' id='word_1_196' title='bbox 665 3145 701 3190; x_wconf 86' lang='lat' dir='ltr'>cc</span> <span class='ocrx_word' id='word_1_197' title='bbox 730 3127 914 3188; x_wconf 77' lang='lat' dir='ltr'>necessariis</span> <span class='ocrx_word' id='word_1_198' title='bbox 933 3127 1013 3207; x_wconf 83' lang='lat' dir='ltr'>juris</span> <span class='ocrx_word' id='word_1_199' title='bbox 1038 3125 1240 3188; x_wconf 83' lang='lat' dir='ltr'>constituendi</span> 
     </span>
     <span class='ocr_line' id='line_1_26' title="bbox 202 3227 1238 3310; baseline -0.005 -15"><span class='ocrx_word' id='word_1_200' title='bbox 202 3231 425 3295; x_wconf 89' lang='lat' dir='ltr'>conditionibus</span> <span class='ocrx_word' id='word_1_201' title='bbox 441 3230 597 3294; x_wconf 81' lang='lat' dir='ltr'>secedere</span> <span class='ocrx_word' id='word_1_202' title='bbox 611 3231 744 3308; x_wconf 83' lang='lat' dir='ltr'>tertiam,</span> <span class='ocrx_word' id='word_1_203' title='bbox 766 3248 856 3309; x_wconf 78' lang='lat' dir='ltr'>quam</span> <span class='ocrx_word' id='word_1_204' title='bbox 872 3229 1058 3291; x_wconf 74' lang='lat' dir='ltr'>historicum</span> <span class='ocrx_word' id='word_1_205' title='bbox 1069 3230 1150 3310; x_wconf 87' lang='lat' dir='ltr'>juris</span> <span class='ocrx_word' id='word_1_206' title='bbox 1165 3227 1238 3290; x_wconf 84' lang='lat' dir='ltr'>inc·</span> 
     </span>
     <span class='ocr_line' id='line_1_27' title="bbox 202 3315 1238 3418; baseline -0.006 -20"><span class='ocrx_word' id='word_1_207' title='bbox 202 3336 373 3400; x_wconf 82' lang='lat' dir='ltr'>damentnm</span> <span class='ocrx_word' id='word_1_208' title='bbox 398 3315 630 3418; x_wconf 69' lang='lat' dir='ltr'>appellabimus</span> <span class='ocrx_word' id='word_1_209' title='bbox 663 3334 709 3394; x_wconf 92' lang='lat' dir='ltr'>De</span> <span class='ocrx_word' id='word_1_210' title='bbox 732 3333 862 3416; x_wconf 82' lang='lat' dir='ltr'>singulis</span> <span class='ocrx_word' id='word_1_211' title='bbox 887 3333 1061 3396; x_wconf 79' lang='lat' dir='ltr'>accuratius</span> <span class='ocrx_word' id='word_1_212' title='bbox 1083 3351 1164 3394; x_wconf 91' lang='lat' dir='ltr'>nunc</span> <span class='ocrx_word' id='word_1_213' title='bbox 1186 3333 1238 3394; x_wconf 90' lang='lat' dir='ltr'>in-</span> 
     </span>
     <span class='ocr_line' id='line_1_28' title="bbox 201 3457 365 3520; baseline 0 -18"><span class='ocrx_word' id='word_1_214' title='bbox 201 3457 365 3520; x_wconf 79' lang='lat' dir='ltr'>quiramus.</span> 
     </span>
    </p>
   </div>
   <div class='ocr_carea' id='block_1_3' title="bbox 589 3629 856 3714">
    <p class='ocr_par' dir='ltr' id='par_1_5' title="bbox 589 3629 856 3714">
     <span class='ocr_line' id='line_1_29' title="bbox 589 3629 856 3714; baseline -0.015 -26"><span class='ocrx_word' id='word_1_215' title='bbox 589 3636 742 3688; x_wconf 69' lang='lat' dir='ltr'>cnl’ltu}</span> <span class='ocrx_word' id='word_1_216' title='bbox 768 3629 856 3714; x_wconf 8' lang='lat'>¹111.</span> 
     </span>
    </p>
   </div>
   <div class='ocr_carea' id='block_1_4' title="bbox 260 3783 1182 3876">
    <p class='ocr_par' dir='ltr' id='par_1_6' title="bbox 260 3783 1182 3892">
     <span class='ocr_line' id='line_1_30' title="bbox 260 3783 1182 3876; baseline -0.007 -19"><span class='ocrx_word' id='word_1_217' title='bbox 260 3787 303 3858; x_wconf 78' lang='lat' dir='ltr'>lic</span> <span class='ocrx_word' id='word_1_218' title='bbox 325 3785 459 3875; x_wconf 76' lang='lat' dir='ltr'>singulis</span> <span class='ocrx_word' id='word_1_219' title='bbox 482 3788 583 3857; x_wconf 85' lang='lat' dir='ltr'>omnis</span> <span class='ocrx_word' id='word_1_220' title='bbox 600 3785 682 3876; x_wconf 86' lang='lat' dir='ltr'>juris</span> <span class='ocrx_word' id='word_1_221' title='bbox 705 3785 918 3855; x_wconf 81' lang='lat' dir='ltr'>constituenti</span> <span class='ocrx_word' id='word_1_222' title='bbox 940 3783 1182 3853; x_wconf 73' lang='lat' dir='ltr'>conditionibus.</span> 
     </span>
    </p>
   </div>
   <div class='ocr_carea' id='block_1_5' title="bbox 201 3951 1238 4250">
    <p class='ocr_par' dir='ltr' id='par_1_7' title="bbox 201 3951 1238 4250">
     <span class='ocr_line' id='line_1_31' title="bbox 268 3951 1237 4033; baseline -0.003 -15"><span class='ocrx_word' id='word_1_223' title='bbox 268 3955 321 4020; x_wconf 86' lang='grc'>48.</span> <span class='ocrx_word' id='word_1_224' title='bbox 345 3957 449 4020; x_wconf 88' lang='lat' dir='ltr'>Omnis</span> <span class='ocrx_word' id='word_1_225' title='bbox 463 3959 543 4020; x_wconf 84' lang='lat' dir='ltr'>inter</span> <span class='ocrx_word' id='word_1_226' title='bbox 558 3957 694 4019; x_wconf 89' lang='lat' dir='ltr'>homines</span> <span class='ocrx_word' id='word_1_227' title='bbox 711 3956 929 4032; x_wconf 81' lang='lat' dir='ltr'>communitos,</span> <span class='ocrx_word' id='word_1_228' title='bbox 953 3972 1011 4033; x_wconf 85' lang='lat' dir='ltr'>que</span> <span class='ocrx_word' id='word_1_229' title='bbox 1026 3951 1237 4015; x_wconf 85' lang='lat' dir='ltr'>intercedente</span> 
     </span>
     <span class='ocr_line' id='line_1_32' title="bbox 202 4057 1238 4144; baseline -0.007 -19"><span class='ocrx_word' id='word_1_230' title='bbox 202 4063 322 4126; x_wconf 88' lang='lat' dir='ltr'>demum</span> <span class='ocrx_word' id='word_1_231' title='bbox 335 4063 411 4144; x_wconf 88' lang='lat' dir='ltr'>juris</span> <span class='ocrx_word' id='word_1_232' title='bbox 427 4063 566 4142; x_wconf 78' lang='lat' dir='ltr'>quaestio</span> <span class='ocrx_word' id='word_1_233' title='bbox 583 4079 653 4124; x_wconf 89' lang='lat' dir='ltr'>esse</span> <span class='ocrx_word' id='word_1_234' title='bbox 669 4067 786 4142; x_wconf 86' lang='lat' dir='ltr'>potest,</span> <span class='ocrx_word' id='word_1_235' title='bbox 811 4058 1015 4140; x_wconf 86' lang='lat' dir='ltr'>proficiscitur</span> <span class='ocrx_word' id='word_1_236' title='bbox 1031 4074 1071 4118; x_wconf 81' lang='lat' dir='ltr'>ex</span> <span class='ocrx_word' id='word_1_237' title='bbox 1088 4057 1238 4120; x_wconf 89' lang='lat' dir='ltr'>communi</span> 
     </span>
     <span class='ocr_line' id='line_1_33' title="bbox 201 4161 1236 4250; baseline -0.006 -20"><span class='ocrx_word' id='word_1_238' title='bbox 201 4168 266 4246; x_wconf 86' lang='lat' dir='ltr'>illo,</span> <span class='ocrx_word' id='word_1_239' title='bbox 282 4166 397 4250; x_wconf 86' lang='lat' dir='ltr'>dequo</span> <span class='ocrx_word' id='word_1_240' title='bbox 413 4183 507 4248; x_wconf 84' lang='lat' dir='ltr'>supro</span> <span class='ocrx_word' id='word_1_241' title='bbox 523 4171 572 4240; x_wconf 75' lang='lat' dir='ltr'>(s.</span> <span class='ocrx_word' id='word_1_242' title='bbox 589 4163 650 4240; x_wconf 86' lang='grc'>36)</span> <span class='ocrx_word' id='word_1_243' title='bbox 667 4165 797 4249; x_wconf 82' lang='lat' dir='ltr'>egimus,</span> <span class='ocrx_word' id='word_1_244' title='bbox 814 4163 910 4227; x_wconf 89' lang='lat' dir='ltr'>mutui</span> <span class='ocrx_word' id='word_1_245' title='bbox 924 4161 1031 4225; x_wconf 85' lang='lat' dir='ltr'>cuxilii</span> <span class='ocrx_word' id='word_1_246' title='bbox 1045 4161 1236 4224; x_wconf 87' lang='lat' dir='ltr'>benevolen-</span> 
     </span>
    </p>
   </div>
   <div class='ocr_carea' id='block_1_6' title="bbox 0 0 1560 5292">
    <p class='ocr_par' dir='ltr' id='par_1_8' title="bbox 0 0 1560 5292">
     <span class='ocr_line' id='line_1_34' title="bbox 0 0 1560 5292; baseline 0 0"><span class='ocrx_word' id='word_1_247' title='bbox 0 0 1560 5292; x_wconf 95' lang='lat' dir='ltr'> </span> 
     </span>
    </p>
   </div>
  </div>
 </body>
</html>
