3109 5292
852 601 916 671 148

361 788 455 871 juges
466 783 661 862 constituit1).
678 782 875 847 Generosiori
887 783 959 847 huic
969 782 1179 847 consuetudini
1190 784 1405 848 mnsuns’hn-

365 891 516 954 manitatis
533 889 725 953 conservatio
741 895 773 950 et
788 887 884 950 cultus
900 888 1087 968 potissimum
1108 887 1244 952 debetur.
1274 887 1352 952 ilinc
1373 895 1405 950 et

365 995 505 1058 ellectum
521 1002 579 1074 est,
598 1001 632 1056 ut
644 992 873 1070 matrimonium,
893 990 974 1073 quod
990 991 1020 1054 in
1036 992 1097 1054 vita
1114 993 1195 1056 civili
1210 994 1317 1056 summi
1333 1010 1405 1055 mo·

364 1102 456 1163 menti
472 1107 535 1177 est,
550 1101 614 1183 jam
629 1096 666 1161 al)
682 1096 897 1177 antiquissimis
912 1095 983 1158 inde
999 1095 1185 1178 temporibus
1201 1116 1218 1159 a
1231 1095 1356 1159 fortuito
1374 1101 1405 1157 et

364 1201 467 1287 fugaci
480 1221 610 1266 seruam
622 1204 705 1264 coitu
717 1201 864 1282 religiose
876 1200 1116 1284 distingueretur
1124 1209 1156 1264 et
1168 1209 1304 1266 sanctum
1314 1209 1404 1282 atque

362 1303 1403 1386 inviolatumservarctur3necmirandnmapudomneslerepopulos

243 1445 259 1456 ·
361 1412 463 1493 (apud
478 1411 622 1476 barbaras
638 1409 717 1473 adeo
733 1413 877 1493 gentes),
898 1408 972 1472 illud
987 1427 1046 1485 pro
1056 1409 1145 1480 jarria
1165 1409 1288 1474 vinculo
1304 1406 1402 1470 luisse

322 1529 326 1539 ’
361 1516 493 1579 habitum
509 1536 545 1580 ac
556 1517 636 1599 juris
651 1514 825 1596 praeceptis
841 1515 1014 1576 accuratius
1035 1512 1204 1589 delinitum3
1225 1530 1326 1592 neque
1342 1511 1403 1574 inco

361 1619 547 1703 legislatoris
562 1620 689 1700 alicujus
705 1618 835 1680 consilio
850 1619 891 1679 ita
907 1619 1100 1681 constitutum
1116 1625 1172 1697 est,
1194 1621 1246 1691 (ut
1257 1617 1401 1678 ¹Montes·-

361 1725 454 1806 quien
474 1723 635 1807 putatliv.
651 1722 703 1786 23.
725 1723 772 1786 cla.
792 1721 838 1797 l.)
861 1720 917 1784 sed
939 1740 1025 1786 more
1046 1730 1078 1784 et
1102 1723 1193 1785 tacito
1220 1720 1401 1803 populorum

361 1844 515 1891 consensu
531 1836 563 1890 et
577 1829 707 1891 naturali
723 1828 850 1909 quadam
866 1828 1058 1890 necessitate.

431 1928 502 1992 1¹8.
524 1930 616 1994 Varia
632 1937 794 1993 esttamen
809 1929 993 2014 dijudicandi
1009 1939 1100 2012 atque
1115 1929 1276 1994 ordinandi
1291 1931 1400 1994 matri-

359 2036 451 2098 monii
474 2036 560 2098 ratio.
601 2033 862 2107 Quemadmodum
891 2037 971 2098 enim
994 2036 1180 2099 interranis
1205 2037 1399 2100 animantium

359 2157 476 2223 genera
497 2139 575 2202 alius
597 2146 645 2201 est
664 2139 801 2202 seruulis
821 2141 1041 2223 conjunctionis
1062 2139 1182 2204 modus:
1208 2140 1247 2203 ita
1270 2145 1301 2202 et
1322 2139 1400 2202 aliae

360 2251 435 2306 suut
446 2243 526 2324 apud
547 2243 690 2306 diversos
706 2243 837 2324 populos
854 2251 885 2306 et
899 2244 965 2308 aliis
981 2244 1011 2306 in
1025 2245 1204 2328 regionibus
1220 2243 1400 2307 matrimonii

359 2346 485 2410 iormae.
516 2347 747 2430 Distinguuntur
763 2356 863 2411 autem
878 2350 1091 2424 campania,
1112 2349 1139 2411 si
1159 2365 1239 2411 uuus
1259 2349 1309 2409 vir
1330 2365 1398 2410 cnm
1514 2429 1518 2434 Ι

358 2467 417 2514 una
432 2450 542 2514 lamina
559 2455 740 2535 conjunctus
755 2455 811 2530 sit,
834 2459 866 2513 et
878 2456 1056 2532 pctppamiu
1071 2469 1150 2534 quae
1166 2453 1217 2517 vel
1231 2455 1399 2530 potyppntc

359 2564 424 2634 est,
446 2558 473 2619 si
494 2573 571 2620 unus
592 2558 641 2620 vir
666 2559 771 2641 plures
797 2558 889 2620 habet
913 2575 1043 2635 uxores,
1068 2559 1116 2617 cet
1141 2555 1398 2633 polycamta‚si

358 2661 465 2743 plures
480 2662 539 2723 viri
554 2662 662 2724 eadem
678 2669 804 2724 utuntur
824 2677 937 2726 uxore:
958 2662 1088 2743 denique
1106 2669 1138 2724 et
1154 2662 1326 2725 communio
1346 2659 1398 2723 le-

359 2765 508 2828 minarum
534 2767 665 2849 cogitari
684 2775 796 2847 potest.
835 2768 989 2840 Quaemm
1012 2774 1113 2829 autem
1135 2785 1176 2830 ex
1196 2765 1330 2836 dirersis
1350 2765 1397 2830 his

358 2869 540 2932 matrimonii
561 2868 665 2932 formis
681 2869 831 2934 hnmanae
846 2880 971 2948 naturae
987 2873 1083 2954 magis
1098 2872 1274 2934 conveniat:
1300 2879 1397 2934 utrum

355 2989 419 3036 una
435 2991 540 3037 aarum
555 2981 671 3037 tantum
687 2975 809 3039 omnino
826 2978 866 3038 sit
880 2975 1045 3057 probanda,
1061 2984 1093 3038 et
1108 2995 1145 3038 an
1161 2983 1310 3057 perpetua
1327 2991 1397 3038 esse

357 3075 469 3139 debeat
489 3078 656 3160 conjugalia
676 3079 897 3144 necessitudo?
919 3101 956 3144 an
978 3081 1057 3143 inter
1076 3080 1224 3161 quosdam
1244 3078 1395 3161 prohibita

359 3195 431 3242 esse
446 3179 576 3242 debeant
590 3183 800 3246 matrimonia?
821 3186 890 3265 quis
910 3184 1042 3266 denique
1062 3187 1101 3248 sit
1115 3185 1183 3248 finis
1198 3183 1351 3268 ejusdem,
1365 3190 1398 3246 et

358 3299 509 3363 quaenam
523 3285 624 3349 sitris
640 3293 672 3349 et
685 3295 822 3367 potestas
833 3289 945 3352 vinculi
956 3307 994 3352 eo
1009 3288 1186 3352 constituti?
1202 3290 1396 3370 quaestiones

359 3395 440 3467 sunt,
464 3387 626 3471 dequibus
642 3409 660 3454 a
675 3394 878 3475 scriptoribus
889 3394 968 3477 juris
984 3394 1130 3458 naturalis
1145 3392 1235 3456 valde
1251 3392 1397 3474 disputari

359 3493 447 3557 solet

425 3597 532 3682 Longe
551 3599 672 3680 plurimi
693 3617 760 3662 cam
776 3602 954 3665 matrimonii
971 3600 1098 3666 lormam
1114 3618 1169 3683 pro
1186 3601 1251 3666 sola
1267 3609 1396 3667 naturae

359 3710 560 3764 consentanca
575 3703 708 3784 probare
723 3705 835 3784 solent,
851 3725 928 3787 quae
944 3713 997 3769 aut
1011 3705 1145 3768 moribus
1160 3707 1266 3787 populi
1282 3707 1330 3770 sui
1345 3707 1397 3772 vel

359 3807 534 3887 praeceptis
549 3807 706 3889 roligionis
716 3808 767 3871 vel
774 3810 1017 3892 philosophicae,
1028 3808 1077 3872 cui
1093 3809 1203 3872 addicti
1219 3819 1298 3889 sunt,
1316 3810 1395 3874 doo-

356 3909 457 3972 trinae
478 3911 638 3989 convenit,
659 3910 715 3974 sed
737 3918 800 3975 tota
820 3913 894 3978 haec
914 3913 954 3976 de
973 3913 1161 3978 matrimonio
1178 3916 1319 3995 quaestio
1334 3933 1396 3980 uon

414 4152 439 4218 1)
458 4152 501 4204 Fr.
516 4156 538 4201 1.
556 4153 590 4204 D.
604 4155 646 4216 23,
659 4156 683 4203 2.
702 4152 746 4221 (de
761 4155 816 4204 ritu
827 4157 914 4223 nupt.)
932 4155 973 4205 De
985 4153 1137 4206 discrimine
1149 4154 1245 4205 amoris
1257 4153 1395 4205 hominum

359 4243 386 4289 ct
398 4237 552 4290 animalium
564 4239 611 4326 cfr.
624 4239 747 4307 Viray,‘
757 4239 862 4294 Muciae
872 4241 909 4292 du
918 4255 996 4308 poure
1007 4239 1124 4294 dumata.
1141 4241 1173 4293 Τ.
1187 4243 1211 4292 d.
1222 4256 1285 4309 pag.
1300 4241 1358 4294 tto.
