<?xml version="1.0" encoding="UTF-8"?>
<!DOCTYPE html PUBLIC "-//W3C//DTD XHTML 1.0 Transitional//EN"
    "http://www.w3.org/TR/xhtml1/DTD/xhtml1-transitional.dtd">
<html xmlns="http://www.w3.org/1999/xhtml" xml:lang="en" lang="en">
 <head>
  <title>
</title>
<meta http-equiv="Content-Type" content="text/html;charset=utf-8" />
  <meta name='ocr-system' content='tesseract 3.04.00' />
  <meta name='ocr-capabilities' content='ocr_page ocr_carea ocr_par ocr_line ocrx_word'/>
</head>
<body>
  <div class='ocr_page' id='page_1' title='image "./philosophiaejur00warngoog_0150.png"; bbox 0 0 3109 5292; ppageno 0'>
   <div class='ocr_carea' id='block_1_1' title="bbox 676 548 740 616">
    <p class='ocr_par' dir='ltr' id='par_1_1' title="bbox 676 548 740 616">
     <span class='ocr_line' id='line_1_1' title="bbox 676 548 740 616; baseline 0 0"><span class='ocrx_word' id='word_1_1' title='bbox 676 548 740 616; x_wconf 71' lang='grc'><strong>139</strong></span> 
     </span>
    </p>
   </div>
   <div class='ocr_carea' id='block_1_2' title="bbox 185 727 1270 4050">
    <p class='ocr_par' dir='ltr' id='par_1_2' title="bbox 188 727 1228 2171">
     <span class='ocr_line' id='line_1_2' title="bbox 189 727 1228 815; baseline -0.002 -21"><span class='ocrx_word' id='word_1_2' title='bbox 189 729 531 815; x_wconf 80' lang='lat' dir='ltr'><strong>praestiterit,bicraro</strong></span> <span class='ocrx_word' id='word_1_3' title='bbox 540 728 585 792; x_wconf 94' lang='lat' dir='ltr'><strong>illi</strong></span> <span class='ocrx_word' id='word_1_4' title='bbox 594 727 760 793; x_wconf 82' lang='lat' dir='ltr'><strong>conditioni</strong></span> <span class='ocrx_word' id='word_1_5' title='bbox 770 727 1118 810; x_wconf 67' lang='lat' dir='ltr'><strong>nonobtemperavmim</strong></span> <span class='ocrx_word' id='word_1_6' title='bbox 1126 727 1228 792; x_wconf 83' lang='lat' dir='ltr'><strong>elucet</strong></span> 
     </span>
     <span class='ocr_line' id='line_1_3' title="bbox 188 833 1227 916; baseline -0.004 -16"><span class='ocrx_word' id='word_1_7' title='bbox 188 837 269 900; x_wconf 79' lang='lat' dir='ltr'><strong>euim</strong></span> <span class='ocrx_word' id='word_1_8' title='bbox 294 838 385 896; x_wconf 78' lang='lat' dir='ltr'><strong>danti</strong></span> <span class='ocrx_word' id='word_1_9' title='bbox 407 835 458 898; x_wconf 86' lang='lat' dir='ltr'><strong>vel</strong></span> <span class='ocrx_word' id='word_1_10' title='bbox 479 835 615 908; x_wconf 68' lang='lat' dir='ltr'><strong>ferianti</strong></span> <span class='ocrx_word' id='word_1_11' title='bbox 644 835 813 898; x_wconf 82' lang='lat' dir='ltr'><strong>laesionem</strong></span> <span class='ocrx_word' id='word_1_12' title='bbox 838 833 960 912; x_wconf 79' lang='lat' dir='ltr'><strong>inferri,</strong></span> <span class='ocrx_word' id='word_1_13' title='bbox 984 833 1114 916; x_wconf 89' lang='lat' dir='ltr'><strong>ideoque</strong></span> <span class='ocrx_word' id='word_1_14' title='bbox 1137 836 1227 896; x_wconf 77' lang='lat' dir='ltr'><strong>acet·-</strong></span> 
     </span>
     <span class='ocr_line' id='line_1_4' title="bbox 188 937 1227 1022; baseline -0.002 -18"><span class='ocrx_word' id='word_1_15' title='bbox 188 942 322 1017; x_wconf 67' lang='lat' dir='ltr'><strong>pentem</strong></span> <span class='ocrx_word' id='word_1_16' title='bbox 351 942 418 1022; x_wconf 89' lang='lat' dir='ltr'><strong>ejus</strong></span> <span class='ocrx_word' id='word_1_17' title='bbox 440 939 629 1002; x_wconf 84' lang='lat' dir='ltr'><strong>resarciendi</strong></span> <span class='ocrx_word' id='word_1_18' title='bbox 655 939 840 1022; x_wconf 73' lang='lat' dir='ltr'><strong>obligatione</strong></span> <span class='ocrx_word' id='word_1_19' title='bbox 870 939 979 1002; x_wconf 88' lang='lat' dir='ltr'><strong>tenori.</strong></span> <span class='ocrx_word' id='word_1_20' title='bbox 1022 939 1124 1020; x_wconf 88' lang='lat' dir='ltr'><strong>ltaque</strong></span> <span class='ocrx_word' id='word_1_21' title='bbox 1147 937 1227 1002; x_wconf 86' lang='lat' dir='ltr'><strong>baud</strong></span> 
     </span>
     <span class='ocr_line' id='line_1_5' title="bbox 190 1043 1227 1126; baseline -0.002 -18"><span class='ocrx_word' id='word_1_22' title='bbox 190 1045 298 1108; x_wconf 82' lang='lat' dir='ltr'><strong>merito</strong></span> <span class='ocrx_word' id='word_1_23' title='bbox 311 1043 437 1106; x_wconf 82' lang='lat' dir='ltr'><strong>Romani</strong></span> <span class='ocrx_word' id='word_1_24' title='bbox 461 1043 679 1126; x_wconf 73' lang='lat' dir='ltr'><strong>obligationem</strong></span> <span class='ocrx_word' id='word_1_25' title='bbox 699 1043 838 1106; x_wconf 87' lang='lat' dir='ltr'><strong>contrabi</strong></span> <span class='ocrx_word' id='word_1_26' title='bbox 860 1043 1017 1123; x_wconf 86' lang='lat' dir='ltr'><strong>dixerunt,</strong></span> <span class='ocrx_word' id='word_1_27' title='bbox 1041 1045 1151 1124; x_wconf 87' lang='lat' dir='ltr'><strong>siquis</strong></span> <span class='ocrx_word' id='word_1_28' title='bbox 1168 1043 1227 1106; x_wconf 81' lang='lat' dir='ltr'><strong>de-</strong></span> 
     </span>
     <span class='ocr_line' id='line_1_6' title="bbox 190 1146 1228 1226; baseline -0.002 -12"><span class='ocrx_word' id='word_1_29' title='bbox 190 1147 287 1214; x_wconf 80' lang='lat' dir='ltr'><strong>disset</strong></span> <span class='ocrx_word' id='word_1_30' title='bbox 301 1155 352 1212; x_wconf 91' lang='lat' dir='ltr'><strong>aut</strong></span> <span class='ocrx_word' id='word_1_31' title='bbox 366 1146 503 1226; x_wconf 85' lang='lat' dir='ltr'><strong>lecisset,</strong></span> <span class='ocrx_word' id='word_1_32' title='bbox 521 1156 554 1211; x_wconf 91' lang='lat' dir='ltr'><strong>ut</strong></span> <span class='ocrx_word' id='word_1_33' title='bbox 568 1147 647 1211; x_wconf 87' lang='lat' dir='ltr'><strong>alter</strong></span> <span class='ocrx_word' id='word_1_34' title='bbox 667 1147 756 1210; x_wconf 89' lang='lat' dir='ltr'><strong>daret</strong></span> <span class='ocrx_word' id='word_1_35' title='bbox 774 1147 825 1211; x_wconf 84' lang='lat' dir='ltr'><strong>vel</strong></span> <span class='ocrx_word' id='word_1_36' title='bbox 846 1147 976 1226; x_wconf 87' lang='lat' dir='ltr'><strong>laceret,</strong></span> <span class='ocrx_word' id='word_1_37' title='bbox 997 1165 1056 1210; x_wconf 86' lang='lat' dir='ltr'><strong>noa</strong></span> <span class='ocrx_word' id='word_1_38' title='bbox 1078 1148 1176 1212; x_wconf 87' lang='lat' dir='ltr'><strong>minus</strong></span> <span class='ocrx_word' id='word_1_39' title='bbox 1192 1165 1228 1212; x_wconf 86' lang='lat' dir='ltr'><strong>aa</strong></span> 
     </span>
     <span class='ocr_line' id='line_1_7' title="bbox 189 1252 1228 1334; baseline -0.002 -16"><span class='ocrx_word' id='word_1_40' title='bbox 189 1253 221 1318; x_wconf 87' lang='lat' dir='ltr'><strong>io</strong></span> <span class='ocrx_word' id='word_1_41' title='bbox 235 1253 339 1317; x_wconf 77' lang='lat' dir='ltr'><strong>musis</strong></span> <span class='ocrx_word' id='word_1_42' title='bbox 354 1252 503 1334; x_wconf 78' lang='lat' dir='ltr'><strong>pecuniae</strong></span> <span class='ocrx_word' id='word_1_43' title='bbox 519 1252 671 1331; x_wconf 85' lang='lat' dir='ltr'><strong>creditae,</strong></span> <span class='ocrx_word' id='word_1_44' title='bbox 687 1253 734 1314; x_wconf 89' lang='lat' dir='ltr'><strong>rei</strong></span> <span class='ocrx_word' id='word_1_45' title='bbox 751 1253 972 1332; x_wconf 87' lang='lat' dir='ltr'><strong>commodatae,</strong></span> <span class='ocrx_word' id='word_1_46' title='bbox 989 1252 1160 1334; x_wconf 85' lang='lat' dir='ltr'><strong>depositae,</strong></span> <span class='ocrx_word' id='word_1_47' title='bbox 1176 1252 1228 1316; x_wconf 87' lang='lat' dir='ltr'><strong>vel</strong></span> 
     </span>
     <span class='ocr_line' id='line_1_8' title="bbox 189 1355 1228 1440; baseline 0 -20"><span class='ocrx_word' id='word_1_48' title='bbox 189 1358 312 1440; x_wconf 84' lang='lat' dir='ltr'><strong>pignori</strong></span> <span class='ocrx_word' id='word_1_49' title='bbox 328 1357 431 1431; x_wconf 82' lang='lat' dir='ltr'><strong>datae;</strong></span> <span class='ocrx_word' id='word_1_50' title='bbox 451 1355 482 1418; x_wconf 87' lang='lat' dir='ltr'><strong>iu</strong></span> <span class='ocrx_word' id='word_1_51' title='bbox 498 1356 608 1436; x_wconf 86' lang='lat' dir='ltr'><strong>quibus</strong></span> <span class='ocrx_word' id='word_1_52' title='bbox 631 1357 770 1420; x_wconf 91' lang='lat' dir='ltr'><strong>omnibus</strong></span> <span class='ocrx_word' id='word_1_53' title='bbox 785 1376 821 1416; x_wconf 84' lang='lat' dir='ltr'><strong>re</strong></span> <span class='ocrx_word' id='word_1_54' title='bbox 837 1358 900 1439; x_wconf 89' lang='lat' dir='ltr'><strong>ipsa</strong></span> <span class='ocrx_word' id='word_1_55' title='bbox 921 1357 1023 1420; x_wconf 85' lang='lat' dir='ltr'><strong>damni</strong></span> <span class='ocrx_word' id='word_1_56' title='bbox 1038 1355 1228 1420; x_wconf 86' lang='lat' dir='ltr'><strong>resarciendi</strong></span> 
     </span>
     <span class='ocr_line' id='line_1_9' title="bbox 190 1459 1227 1545; baseline 0.002 -22"><span class='ocrx_word' id='word_1_57' title='bbox 190 1469 222 1524; x_wconf 92' lang='lat' dir='ltr'><strong>et</strong></span> <span class='ocrx_word' id='word_1_58' title='bbox 243 1460 372 1543; x_wconf 77' lang='lat' dir='ltr'><strong>periodo</strong></span> <span class='ocrx_word' id='word_1_59' title='bbox 392 1459 574 1523; x_wconf 84' lang='lat' dir='ltr'><strong>restituendi</strong></span> <span class='ocrx_word' id='word_1_60' title='bbox 593 1461 739 1544; x_wconf 75' lang='lat' dir='ltr'><strong>obligatio</strong></span> <span class='ocrx_word' id='word_1_61' title='bbox 760 1464 905 1526; x_wconf 85' lang='lat' dir='ltr'><strong>nascitur.</strong></span> <span class='ocrx_word' id='word_1_62' title='bbox 944 1463 973 1527; x_wconf 89' lang='lat' dir='ltr'><strong>ls</strong></span> <span class='ocrx_word' id='word_1_63' title='bbox 994 1464 1047 1545; x_wconf 91' lang='lat' dir='ltr'><strong>qui</strong></span> <span class='ocrx_word' id='word_1_64' title='bbox 1073 1463 1156 1526; x_wconf 88' lang='lat' dir='ltr'><strong>dedit</strong></span> <span class='ocrx_word' id='word_1_65' title='bbox 1176 1462 1227 1526; x_wconf 84' lang='lat' dir='ltr'><strong>uel</strong></span> 
     </span>
     <span class='ocr_line' id='line_1_10' title="bbox 189 1566 1227 1650; baseline 0 -20"><span class='ocrx_word' id='word_1_66' title='bbox 189 1566 264 1630; x_wconf 88' lang='lat' dir='ltr'><strong>lecit</strong></span> <span class='ocrx_word' id='word_1_67' title='bbox 276 1567 360 1649; x_wconf 87' lang='lat' dir='ltr'><strong>ipse,</strong></span> <span class='ocrx_word' id='word_1_68' title='bbox 381 1567 479 1628; x_wconf 82' lang='lat' dir='ltr'><strong>altero</strong></span> <span class='ocrx_word' id='word_1_69' title='bbox 498 1583 561 1628; x_wconf 65' lang='lat' dir='ltr'><strong>vnon</strong></span> <span class='ocrx_word' id='word_1_70' title='bbox 577 1573 771 1647; x_wconf 75' lang='lat' dir='ltr'><strong>praestanto,</strong></span> <span class='ocrx_word' id='word_1_71' title='bbox 794 1567 1022 1650; x_wconf 79' lang='lat' dir='ltr'><strong>obligaturum</strong></span> <span class='ocrx_word' id='word_1_72' title='bbox 1046 1575 1109 1644; x_wconf 86' lang='lat' dir='ltr'><strong>est,</strong></span> <span class='ocrx_word' id='word_1_73' title='bbox 1133 1583 1227 1647; x_wconf 83' lang='lat' dir='ltr'><strong>quare</strong></span> 
     </span>
     <span class='ocr_line' id='line_1_11' title="bbox 189 1658 1227 1752; baseline -0.003 -17"><span class='ocrx_word' id='word_1_74' title='bbox 189 1671 252 1735; x_wconf 86' lang='lat' dir='ltr'><strong>dati</strong></span> <span class='ocrx_word' id='word_1_75' title='bbox 266 1670 411 1752; x_wconf 80' lang='lat' dir='ltr'><strong>repetitio</strong></span> <span class='ocrx_word' id='word_1_76' title='bbox 425 1671 517 1734; x_wconf 84' lang='lat' dir='ltr'><strong>etiam</strong></span> <span class='ocrx_word' id='word_1_77' title='bbox 533 1689 550 1732; x_wconf 93' lang='lat' dir='ltr'><strong>a</strong></span> <span class='ocrx_word' id='word_1_78' title='bbox 565 1670 707 1736; x_wconf 86' lang='lat' dir='ltr'><strong>Romanis</strong></span> <span class='ocrx_word' id='word_1_79' title='bbox 722 1672 947 1736; x_wconf 82' lang='lat' dir='ltr'><strong>concedebatur</strong></span> <span class='ocrx_word' id='word_1_80' title='bbox 962 1673 998 1735; x_wconf 90' lang='lat' dir='ltr'><strong>in</strong></span> <span class='ocrx_word' id='word_1_81' title='bbox 1009 1658 1227 1749; x_wconf 84' lang='lat' dir='ltr'><strong>contractibus,</strong></span> 
     </span>
     <span class='ocr_line' id='line_1_12' title="bbox 189 1775 1227 1860; baseline 0.005 -25"><span class='ocrx_word' id='word_1_82' title='bbox 189 1780 228 1835; x_wconf 87' lang='lat' dir='ltr'><strong>da</strong></span> <span class='ocrx_word' id='word_1_83' title='bbox 242 1780 280 1834; x_wconf 82' lang='lat' dir='ltr'><strong>ut</strong></span> <span class='ocrx_word' id='word_1_84' title='bbox 294 1781 350 1836; x_wconf 81' lang='lat' dir='ltr'><strong>der</strong></span> <span class='ocrx_word' id='word_1_85' title='bbox 371 1781 403 1836; x_wconf 84' lang='lat' dir='ltr'><strong>rt</strong></span> <span class='ocrx_word' id='word_1_86' title='bbox 421 1779 460 1834; x_wconf 84' lang='lat' dir='ltr'><strong>do</strong></span> <span class='ocrx_word' id='word_1_87' title='bbox 481 1781 517 1836; x_wconf 87' lang='lat' dir='ltr'><strong>ut</strong></span> <span class='ocrx_word' id='word_1_88' title='bbox 531 1777 649 1848; x_wconf 76' lang='lat' dir='ltr'><strong>fociae</strong></span> <span class='ocrx_word' id='word_1_89' title='bbox 684 1775 827 1856; x_wconf 83' lang='lat' dir='ltr'><strong>Sequitur</strong></span> <span class='ocrx_word' id='word_1_90' title='bbox 843 1775 929 1855; x_wconf 86' lang='lat' dir='ltr'><strong>inde,</strong></span> <span class='ocrx_word' id='word_1_91' title='bbox 951 1777 1174 1860; x_wconf 72' lang='lat' dir='ltr'><strong>obligationem</strong></span> <span class='ocrx_word' id='word_1_92' title='bbox 1185 1793 1227 1840; x_wconf 84' lang='lat' dir='ltr'><strong>ex</strong></span> 
     </span>
     <span class='ocr_line' id='line_1_13' title="bbox 190 1879 1227 1962; baseline -0.002 -18"><span class='ocrx_word' id='word_1_93' title='bbox 190 1879 396 1944; x_wconf 76' lang='lat' dir='ltr'><strong>merendune</strong></span> <span class='ocrx_word' id='word_1_94' title='bbox 408 1879 503 1957; x_wconf 89' lang='lat' dir='ltr'><strong>nasci,</strong></span> <span class='ocrx_word' id='word_1_95' title='bbox 519 1880 547 1942; x_wconf 87' lang='lat' dir='ltr'><strong>si</strong></span> <span class='ocrx_word' id='word_1_96' title='bbox 561 1880 728 1960; x_wconf 88' lang='lat' dir='ltr'><strong>praestatio</strong></span> <span class='ocrx_word' id='word_1_97' title='bbox 743 1880 780 1942; x_wconf 92' lang='lat' dir='ltr'><strong>ab</strong></span> <span class='ocrx_word' id='word_1_98' title='bbox 794 1880 889 1942; x_wconf 89' lang='lat' dir='ltr'><strong>altera</strong></span> <span class='ocrx_word' id='word_1_99' title='bbox 902 1887 988 1962; x_wconf 89' lang='lat' dir='ltr'><strong>parte</strong></span> <span class='ocrx_word' id='word_1_100' title='bbox 1004 1880 1227 1957; x_wconf 80' lang='lat' dir='ltr'><strong>intercesserit,</strong></span> 
     </span>
     <span class='ocr_line' id='line_1_14' title="bbox 189 1983 1226 2067; baseline -0.002 -19"><span class='ocrx_word' id='word_1_101' title='bbox 189 1983 451 2066; x_wconf 68' lang='lat' dir='ltr'><strong>quemcumqu</strong></span> <span class='ocrx_word' id='word_1_102' title='bbox 466 1984 617 2065; x_wconf 86' lang='lat' dir='ltr'><strong>praestitit</strong></span> <span class='ocrx_word' id='word_1_103' title='bbox 628 1984 706 2066; x_wconf 88' lang='lat' dir='ltr'><strong>juris</strong></span> <span class='ocrx_word' id='word_1_104' title='bbox 721 1985 770 2046; x_wconf 89' lang='lat' dir='ltr'><strong>sui</strong></span> <span class='ocrx_word' id='word_1_105' title='bbox 785 1985 951 2048; x_wconf 81' lang='lat' dir='ltr'><strong>laesionem</strong></span> <span class='ocrx_word' id='word_1_106' title='bbox 967 1985 1108 2067; x_wconf 87' lang='lat' dir='ltr'><strong>patiatur,</strong></span> <span class='ocrx_word' id='word_1_107' title='bbox 1128 1985 1226 2047; x_wconf 85' lang='lat' dir='ltr'><strong>altaro</strong></span> 
     </span>
     <span class='ocr_line' id='line_1_15' title="bbox 190 2087 971 2171; baseline 0 -19"><span class='ocrx_word' id='word_1_108' title='bbox 190 2107 236 2157; x_wconf 15' lang='lat' dir='ltr'><strong>ex*</strong></span> <span class='ocrx_word' id='word_1_109' title='bbox 245 2105 303 2152; x_wconf 81' lang='lat' dir='ltr'><strong>sua</strong></span> <span class='ocrx_word' id='word_1_110' title='bbox 318 2097 405 2171; x_wconf 87' lang='lat' dir='ltr'><strong>parte</strong></span> <span class='ocrx_word' id='word_1_111' title='bbox 421 2087 584 2152; x_wconf 87' lang='lat' dir='ltr'><strong>conditioni</strong></span> <span class='ocrx_word' id='word_1_112' title='bbox 599 2107 660 2153; x_wconf 89' lang='lat' dir='ltr'><strong>non</strong></span> <span class='ocrx_word' id='word_1_113' title='bbox 675 2087 849 2152; x_wconf 85' lang='lat' dir='ltr'><strong>obediente.</strong></span> <span class='ocrx_word' id='word_1_114' title='bbox 967 2118 971 2122; x_wconf 95' lang='lat'>·</span> 
     </span>
    </p>

    <p class='ocr_par' dir='ltr' id='par_1_3' title="bbox 185 2189 1230 3224">
     <span class='ocr_line' id='line_1_16' title="bbox 205 2189 1228 2274; baseline 0 -17"><span class='ocrx_word' id='word_1_115' title='bbox 205 2264 207 2269; x_wconf 59' lang='grc'>,</span> <span class='ocrx_word' id='word_1_116' title='bbox 258 2189 329 2257; x_wconf 82' lang='lat'><strong>108.</strong></span> <span class='ocrx_word' id='word_1_117' title='bbox 351 2191 413 2258; x_wconf 86' lang='lat' dir='ltr'><strong>Sed</strong></span> <span class='ocrx_word' id='word_1_118' title='bbox 426 2194 584 2274; x_wconf 90' lang='lat' dir='ltr'><strong>quaeritur</strong></span> <span class='ocrx_word' id='word_1_119' title='bbox 599 2211 638 2255; x_wconf 81' lang='lat' dir='ltr'><strong>an</strong></span> <span class='ocrx_word' id='word_1_120' title='bbox 653 2201 685 2256; x_wconf 88' lang='lat' dir='ltr'><strong>et</strong></span> <span class='ocrx_word' id='word_1_121' title='bbox 699 2211 741 2256; x_wconf 81' lang='lat' dir='ltr'><strong>ex</strong></span> <span class='ocrx_word' id='word_1_122' title='bbox 755 2213 845 2256; x_wconf 83' lang='lat' dir='ltr'><strong>mara</strong></span> <span class='ocrx_word' id='word_1_123' title='bbox 860 2195 1061 2256; x_wconf 72' lang='lat' dir='ltr'><strong>convenicae</strong></span> <span class='ocrx_word' id='word_1_124' title='bbox 1076 2195 1144 2258; x_wconf 86' lang='lat' dir='ltr'><strong>sive</strong></span> <span class='ocrx_word' id='word_1_125' title='bbox 1158 2196 1228 2257; x_wconf 79' lang='lat' dir='ltr'><strong>sola</strong></span> 
     </span>
     <span class='ocr_line' id='line_1_17' title="bbox 185 2297 1228 2381; baseline 0.002 -21"><span class='ocrx_word' id='word_1_126' title='bbox 185 2298 397 2377; x_wconf 62' lang='lat' dir='ltr'><strong>monestere</strong></span> <span class='ocrx_word' id='word_1_127' title='bbox 412 2297 557 2380; x_wconf 84' lang='lat' dir='ltr'><strong>obligatio</strong></span> <span class='ocrx_word' id='word_1_128' title='bbox 576 2298 740 2360; x_wconf 75' lang='lat' dir='ltr'><strong>nascatur?</strong></span> <span class='ocrx_word' id='word_1_129' title='bbox 772 2298 828 2372; x_wconf 85' lang='lat' dir='ltr'><strong>Qui</strong></span> <span class='ocrx_word' id='word_1_130' title='bbox 845 2298 874 2360; x_wconf 94' lang='lat' dir='ltr'><strong>id</strong></span> <span class='ocrx_word' id='word_1_131' title='bbox 890 2307 1059 2381; x_wconf 83' lang='lat' dir='ltr'><strong>propterea</strong></span> <span class='ocrx_word' id='word_1_132' title='bbox 1073 2298 1228 2377; x_wconf 86' lang='lat' dir='ltr'><strong>allirmant,</strong></span> 
     </span>
     <span class='ocr_line' id='line_1_18' title="bbox 189 2401 1227 2486; baseline 0 -20"><span class='ocrx_word' id='word_1_133' title='bbox 189 2401 272 2486; x_wconf 86' lang='lat' dir='ltr'><strong>quod</strong></span> <span class='ocrx_word' id='word_1_134' title='bbox 292 2403 468 2484; x_wconf 86' lang='lat' dir='ltr'><strong>promittens</strong></span> <span class='ocrx_word' id='word_1_135' title='bbox 490 2401 579 2466; x_wconf 90' lang='lat' dir='ltr'><strong>alteri</strong></span> <span class='ocrx_word' id='word_1_136' title='bbox 594 2405 645 2486; x_wconf 82' lang='lat' dir='ltr'><strong>jus</strong></span> <span class='ocrx_word' id='word_1_137' title='bbox 665 2401 786 2484; x_wconf 80' lang='lat' dir='ltr'><strong>aliquod</strong></span> <span class='ocrx_word' id='word_1_138' title='bbox 808 2403 838 2464; x_wconf 90' lang='lat' dir='ltr'><strong>in</strong></span> <span class='ocrx_word' id='word_1_139' title='bbox 860 2420 945 2466; x_wconf 88' lang='lat' dir='ltr'><strong>suam</strong></span> <span class='ocrx_word' id='word_1_140' title='bbox 966 2419 1127 2484; x_wconf 89' lang='lat' dir='ltr'><strong>personam</strong></span> <span class='ocrx_word' id='word_1_141' title='bbox 1150 2419 1227 2466; x_wconf 75' lang='lat' dir='ltr'><strong>eon-</strong></span> 
     </span>
     <span class='ocr_line' id='line_1_19' title="bbox 190 2506 1228 2587; baseline -0.002 -11"><span class='ocrx_word' id='word_1_142' title='bbox 190 2507 304 2576; x_wconf 85' lang='lat' dir='ltr'><strong>oedere</strong></span> <span class='ocrx_word' id='word_1_143' title='bbox 317 2515 370 2570; x_wconf 93' lang='lat' dir='ltr'><strong>aut</strong></span> <span class='ocrx_word' id='word_1_144' title='bbox 384 2525 472 2572; x_wconf 87' lang='lat' dir='ltr'><strong>suum</strong></span> <span class='ocrx_word' id='word_1_145' title='bbox 488 2506 622 2571; x_wconf 86' lang='lat' dir='ltr'><strong>alienare</strong></span> <span class='ocrx_word' id='word_1_146' title='bbox 635 2506 787 2584; x_wconf 84' lang='lat' dir='ltr'><strong>videatur,</strong></span> <span class='ocrx_word' id='word_1_147' title='bbox 801 2507 1009 2587; x_wconf 87' lang='lat' dir='ltr'><strong>quaestionem</strong></span> <span class='ocrx_word' id='word_1_148' title='bbox 1024 2508 1146 2570; x_wconf 87' lang='lat' dir='ltr'><strong>minime</strong></span> <span class='ocrx_word' id='word_1_149' title='bbox 1161 2507 1228 2574; x_wconf 83' lang='lat' dir='ltr'><strong>sol-</strong></span> 
     </span>
     <span class='ocr_line' id='line_1_20' title="bbox 190 2609 1228 2692; baseline -0.003 -13"><span class='ocrx_word' id='word_1_150' title='bbox 190 2620 274 2679; x_wconf 76' lang='lat' dir='ltr'><strong>aaut</strong></span> <span class='ocrx_word' id='word_1_151' title='bbox 311 2609 387 2674; x_wconf 81' lang='lat' dir='ltr'><strong>Nam</strong></span> <span class='ocrx_word' id='word_1_152' title='bbox 405 2612 562 2692; x_wconf 90' lang='lat' dir='ltr'><strong>quaeritur</strong></span> <span class='ocrx_word' id='word_1_153' title='bbox 581 2611 642 2674; x_wconf 90' lang='lat' dir='ltr'><strong>boc</strong></span> <span class='ocrx_word' id='word_1_154' title='bbox 662 2613 776 2692; x_wconf 86' lang='lat' dir='ltr'><strong>ipsum,</strong></span> <span class='ocrx_word' id='word_1_155' title='bbox 801 2629 839 2674; x_wconf 88' lang='lat' dir='ltr'><strong>au</strong></span> <span class='ocrx_word' id='word_1_156' title='bbox 859 2611 948 2674; x_wconf 89' lang='lat' dir='ltr'><strong>alteri</strong></span> <span class='ocrx_word' id='word_1_157' title='bbox 964 2629 1005 2672; x_wconf 86' lang='lat' dir='ltr'><strong>ex</strong></span> <span class='ocrx_word' id='word_1_158' title='bbox 1025 2612 1228 2691; x_wconf 82' lang='lat' dir='ltr'><strong>promissione</strong></span> 
     </span>
     <span class='ocr_line' id='line_1_21' title="bbox 191 2713 1229 2798; baseline -0.001 -17"><span class='ocrx_word' id='word_1_159' title='bbox 191 2716 319 2785; x_wconf 85' lang='lat' dir='ltr'><strong>alterius</strong></span> <span class='ocrx_word' id='word_1_160' title='bbox 333 2715 456 2797; x_wconf 84' lang='lat' dir='ltr'><strong>aliquod</strong></span> <span class='ocrx_word' id='word_1_161' title='bbox 467 2718 519 2798; x_wconf 82' lang='lat' dir='ltr'><strong>jus</strong></span> <span class='ocrx_word' id='word_1_162' title='bbox 535 2715 727 2797; x_wconf 78' lang='lat' dir='ltr'><strong>acquiratur?</strong></span> <span class='ocrx_word' id='word_1_163' title='bbox 743 2713 808 2776; x_wconf 89' lang='lat' dir='ltr'><strong>Neo</strong></span> <span class='ocrx_word' id='word_1_164' title='bbox 822 2714 865 2777; x_wconf 90' lang='lat' dir='ltr'><strong>illi</strong></span> <span class='ocrx_word' id='word_1_165' title='bbox 881 2715 1115 2796; x_wconf 88' lang='lat' dir='ltr'><strong>probabiliorem</strong></span> <span class='ocrx_word' id='word_1_166' title='bbox 1131 2716 1229 2780; x_wconf 80' lang='lat' dir='ltr'><strong>ratio·</strong></span> 
     </span>
     <span class='ocr_line' id='line_1_22' title="bbox 192 2817 1230 2901; baseline -0.006 -13"><span class='ocrx_word' id='word_1_167' title='bbox 192 2839 261 2888; x_wconf 74' lang='lat' dir='ltr'><strong>uem</strong></span> <span class='ocrx_word' id='word_1_168' title='bbox 285 2818 434 2898; x_wconf 80' lang='lat' dir='ltr'><strong>afferunt,</strong></span> <span class='ocrx_word' id='word_1_169' title='bbox 460 2821 510 2901; x_wconf 92' lang='lat' dir='ltr'><strong>qui</strong></span> <span class='ocrx_word' id='word_1_170' title='bbox 534 2821 606 2884; x_wconf 92' lang='lat' dir='ltr'><strong>inde</strong></span> <span class='ocrx_word' id='word_1_171' title='bbox 631 2820 855 2901; x_wconf 86' lang='lat' dir='ltr'><strong>promittentem</strong></span> <span class='ocrx_word' id='word_1_172' title='bbox 877 2820 976 2882; x_wconf 86' lang='lat' dir='ltr'><strong>teneri</strong></span> <span class='ocrx_word' id='word_1_173' title='bbox 998 2817 1120 2897; x_wconf 84' lang='lat' dir='ltr'><strong>diuum,</strong></span> <span class='ocrx_word' id='word_1_174' title='bbox 1150 2818 1230 2900; x_wconf 91' lang='lat' dir='ltr'><strong>quod</strong></span> 
     </span>
     <span class='ocr_line' id='line_1_23' title="bbox 191 2923 1230 3008; baseline -0.003 -16"><span class='ocrx_word' id='word_1_175' title='bbox 191 2925 314 2992; x_wconf 76' lang='lat' dir='ltr'><strong>amrin</strong></span> <span class='ocrx_word' id='word_1_176' title='bbox 329 2924 462 2991; x_wconf 88' lang='lat' dir='ltr'><strong>illicitum</strong></span> <span class='ocrx_word' id='word_1_177' title='bbox 478 2925 525 2988; x_wconf 90' lang='lat' dir='ltr'><strong>sit.</strong></span> <span class='ocrx_word' id='word_1_178' title='bbox 565 2925 640 2991; x_wconf 87' lang='lat' dir='ltr'><strong>Nam</strong></span> <span class='ocrx_word' id='word_1_179' title='bbox 656 2923 780 3005; x_wconf 83' lang='lat' dir='ltr'><strong>probari</strong></span> <span class='ocrx_word' id='word_1_180' title='bbox 801 2923 887 3006; x_wconf 87' lang='lat' dir='ltr'><strong>prius</strong></span> <span class='ocrx_word' id='word_1_181' title='bbox 909 2924 1015 3002; x_wconf 86' lang='lat' dir='ltr'><strong>debet,</strong></span> <span class='ocrx_word' id='word_1_182' title='bbox 1042 2925 1116 2988; x_wconf 89' lang='lat' dir='ltr'><strong>alios</strong></span> <span class='ocrx_word' id='word_1_183' title='bbox 1133 2927 1184 3008; x_wconf 85' lang='lat' dir='ltr'><strong>jus</strong></span> <span class='ocrx_word' id='word_1_184' title='bbox 1199 2925 1230 2989; x_wconf 87' lang='lat' dir='ltr'><strong>iu</strong></span> 
     </span>
     <span class='ocr_line' id='line_1_24' title="bbox 192 3027 1229 3109; baseline -0.004 -15"><span class='ocrx_word' id='word_1_185' title='bbox 192 3028 408 3096; x_wconf 73' lang='lat' dir='ltr'><strong>veredundiam</strong></span> <span class='ocrx_word' id='word_1_186' title='bbox 435 3038 569 3093; x_wconf 87' lang='lat' dir='ltr'><strong>nostram</strong></span> <span class='ocrx_word' id='word_1_187' title='bbox 596 3029 730 3107; x_wconf 80' lang='lat' dir='ltr'><strong>babere,</strong></span> <span class='ocrx_word' id='word_1_188' title='bbox 757 3027 895 3109; x_wconf 83' lang='lat' dir='ltr'><strong>quamuis</strong></span> <span class='ocrx_word' id='word_1_189' title='bbox 923 3027 1112 3092; x_wconf 85' lang='lat' dir='ltr'><strong>mendacium</strong></span> <span class='ocrx_word' id='word_1_190' title='bbox 1140 3029 1171 3094; x_wconf 87' lang='lat' dir='ltr'><strong>in</strong></span> <span class='ocrx_word' id='word_1_191' title='bbox 1194 3045 1229 3094; x_wconf 83' lang='lat' dir='ltr'><strong>so</strong></span> 
     </span>
     <span class='ocr_line' id='line_1_25' title="bbox 192 3131 1025 3224; baseline -0.005 -11"><span class='ocrx_word' id='word_1_192' title='bbox 192 3131 392 3216; x_wconf 61' lang='lat' dir='ltr'><strong>wrote&gt;-</strong></span> <span class='ocrx_word' id='word_1_193' title='bbox 981 3201 1025 3224; x_wconf 71' lang='lat'>„</span> 
     </span>
    </p>

    <p class='ocr_par' dir='ltr' id='par_1_4' title="bbox 191 3237 1270 4050">
     <span class='ocr_line' id='line_1_26' title="bbox 259 3237 1231 3320; baseline 0.002 -18"><span class='ocrx_word' id='word_1_194' title='bbox 259 3237 321 3302; x_wconf 88' lang='lat' dir='ltr'><strong>Sed</strong></span> <span class='ocrx_word' id='word_1_195' title='bbox 336 3238 431 3320; x_wconf 81' lang='lat' dir='ltr'><strong>vulgo</strong></span> <span class='ocrx_word' id='word_1_196' title='bbox 446 3254 537 3301; x_wconf 89' lang='lat' dir='ltr'><strong>nemo</strong></span> <span class='ocrx_word' id='word_1_197' title='bbox 553 3237 714 3318; x_wconf 88' lang='lat' dir='ltr'><strong>impeditur</strong></span> <span class='ocrx_word' id='word_1_198' title='bbox 729 3237 916 3302; x_wconf 85' lang='lat' dir='ltr'><strong>voluntatem</strong></span> <span class='ocrx_word' id='word_1_199' title='bbox 932 3257 1016 3302; x_wconf 91' lang='lat' dir='ltr'><strong>suam</strong></span> <span class='ocrx_word' id='word_1_200' title='bbox 1033 3247 1164 3319; x_wconf 86' lang='lat' dir='ltr'><strong>mutare,</strong></span> <span class='ocrx_word' id='word_1_201' title='bbox 1179 3247 1231 3304; x_wconf 92' lang='lat' dir='ltr'><strong>aut</strong></span> 
     </span>
     <span class='ocr_line' id='line_1_27' title="bbox 192 3339 1270 3424; baseline -0.001 -15"><span class='ocrx_word' id='word_1_202' title='bbox 192 3341 346 3424; x_wconf 78' lang='lat' dir='ltr'><strong>quadrini</strong></span> <span class='ocrx_word' id='word_1_203' title='bbox 365 3341 475 3405; x_wconf 83' lang='lat' dir='ltr'><strong>melius</strong></span> <span class='ocrx_word' id='word_1_204' title='bbox 494 3339 616 3404; x_wconf 86' lang='lat' dir='ltr'><strong>videtur</strong></span> <span class='ocrx_word' id='word_1_205' title='bbox 636 3342 797 3404; x_wconf 88' lang='lat' dir='ltr'><strong>eonsilium</strong></span> <span class='ocrx_word' id='word_1_206' title='bbox 819 3343 906 3406; x_wconf 89' lang='lat' dir='ltr'><strong>inire.</strong></span> <span class='ocrx_word' id='word_1_207' title='bbox 946 3343 1038 3406; x_wconf 89' lang='lat' dir='ltr'><strong>lmmo</strong></span> <span class='ocrx_word' id='word_1_208' title='bbox 1057 3361 1133 3407; x_wconf 86' lang='lat' dir='ltr'><strong>sana</strong></span> <span class='ocrx_word' id='word_1_209' title='bbox 1152 3348 1230 3408; x_wconf 89' lang='lat' dir='ltr'><strong>ratio</strong></span> <span class='ocrx_word' id='word_1_210' title='bbox 1269 3375 1270 3378; x_wconf 37' lang='lat'>¹</span> 
     </span>
     <span class='ocr_line' id='line_1_28' title="bbox 191 3443 1231 3531; baseline 0.004 -23"><span class='ocrx_word' id='word_1_211' title='bbox 191 3446 251 3513; x_wconf 78' lang='lat' dir='ltr'><strong>boe</strong></span> <span class='ocrx_word' id='word_1_212' title='bbox 271 3445 433 3527; x_wconf 83' lang='lat' dir='ltr'><strong>praecipit</strong></span> <span class='ocrx_word' id='word_1_213' title='bbox 470 3443 594 3514; x_wconf 80' lang='lat' dir='ltr'><strong>Kantius</strong></span> <span class='ocrx_word' id='word_1_214' title='bbox 613 3446 705 3528; x_wconf 88' lang='lat' dir='ltr'><strong>igitur</strong></span> <span class='ocrx_word' id='word_1_215' title='bbox 726 3443 798 3506; x_wconf 88' lang='lat' dir='ltr'><strong>inda</strong></span> <span class='ocrx_word' id='word_1_216' title='bbox 824 3453 909 3526; x_wconf 87' lang='lat' dir='ltr'><strong>pacta</strong></span> <span class='ocrx_word' id='word_1_217' title='bbox 939 3447 1121 3531; x_wconf 90' lang='lat' dir='ltr'><strong>obligatorla</strong></span> <span class='ocrx_word' id='word_1_218' title='bbox 1145 3449 1231 3528; x_wconf 84' lang='lat' dir='ltr'><strong>dixit,</strong></span> 
     </span>
     <span class='ocr_line' id='line_1_29' title="bbox 191 3549 1231 3633; baseline 0.002 -19"><span class='ocrx_word' id='word_1_219' title='bbox 191 3551 262 3633; x_wconf 81' lang='lat' dir='ltr'><strong>quia</strong></span> <span class='ocrx_word' id='word_1_220' title='bbox 277 3550 353 3613; x_wconf 82' lang='lat' dir='ltr'><strong>‹sine</strong></span> <span class='ocrx_word' id='word_1_221' title='bbox 376 3549 435 3612; x_wconf 85' lang='lat' dir='ltr'><strong>bac</strong></span> <span class='ocrx_word' id='word_1_222' title='bbox 456 3549 587 3632; x_wconf 84' lang='lat' dir='ltr'><strong>regula,</strong></span> <span class='ocrx_word' id='word_1_223' title='bbox 611 3569 629 3612; x_wconf 89' lang='lat' dir='ltr'><strong>a</strong></span> <span class='ocrx_word' id='word_1_224' title='bbox 649 3550 767 3618; x_wconf 90' lang='lat' dir='ltr'><strong>ratione</strong></span> <span class='ocrx_word' id='word_1_225' title='bbox 790 3557 910 3628; x_wconf 83' lang='lat' dir='ltr'><strong>nostra,</strong></span> <span class='ocrx_word' id='word_1_226' title='bbox 931 3555 1094 3626; x_wconf 79' lang='lat' dir='ltr'><strong>postulata</strong></span> <span class='ocrx_word' id='word_1_227' title='bbox 1117 3552 1231 3619; x_wconf 82' lang='lat' dir='ltr'><strong>nullum</strong></span> 
     </span>
     <span class='ocr_line' id='line_1_30' title="bbox 191 3654 1231 3735; baseline -0.002 -13"><span class='ocrx_word' id='word_1_228' title='bbox 191 3655 272 3723; x_wconf 81' lang='lat' dir='ltr'><strong>iuter</strong></span> <span class='ocrx_word' id='word_1_229' title='bbox 286 3654 425 3718; x_wconf 75' lang='lat' dir='ltr'><strong>hommes</strong></span> <span class='ocrx_word' id='word_1_230' title='bbox 440 3656 654 3718; x_wconf 87' lang='lat' dir='ltr'><strong>commercium</strong></span> <span class='ocrx_word' id='word_1_231' title='bbox 671 3671 742 3716; x_wconf 86' lang='lat' dir='ltr'><strong>esse</strong></span> <span class='ocrx_word' id='word_1_232' title='bbox 758 3663 872 3735; x_wconf 87' lang='lat' dir='ltr'><strong>posset.</strong></span> <span class='ocrx_word' id='word_1_233' title='bbox 902 3654 987 3716; x_wconf 85' lang='lat' dir='ltr'><strong>Hane</strong></span> <span class='ocrx_word' id='word_1_234' title='bbox 1003 3673 1079 3718; x_wconf 88' lang='lat' dir='ltr'><strong>vero</strong></span> <span class='ocrx_word' id='word_1_235' title='bbox 1095 3656 1231 3720; x_wconf 84' lang='lat' dir='ltr'><strong>utilitatis</strong></span> 
     </span>
     <span class='ocr_line' id='line_1_31' title="bbox 192 3759 1232 3842; baseline 0.002 -20"><span class='ocrx_word' id='word_1_236' title='bbox 192 3760 290 3842; x_wconf 78' lang='lat' dir='ltr'><strong>magis</strong></span> <span class='ocrx_word' id='word_1_237' title='bbox 304 3759 455 3822; x_wconf 76' lang='lat' dir='ltr'><strong>radonem</strong></span> <span class='ocrx_word' id='word_1_238' title='bbox 471 3777 553 3837; x_wconf 84' lang='lat' dir='ltr'><strong>esse,</strong></span> <span class='ocrx_word' id='word_1_239' title='bbox 568 3777 659 3840; x_wconf 87' lang='lat' dir='ltr'><strong>quam</strong></span> <span class='ocrx_word' id='word_1_240' title='bbox 671 3759 750 3842; x_wconf 89' lang='lat' dir='ltr'><strong>juris</strong></span> <span class='ocrx_word' id='word_1_241' title='bbox 766 3775 855 3822; x_wconf 90' lang='lat' dir='ltr'><strong>nemo</strong></span> <span class='ocrx_word' id='word_1_242' title='bbox 872 3776 930 3822; x_wconf 89' lang='lat' dir='ltr'><strong>uon</strong></span> <span class='ocrx_word' id='word_1_243' title='bbox 945 3759 1095 3842; x_wconf 85' lang='lat' dir='ltr'><strong>intelligit</strong></span> <span class='ocrx_word' id='word_1_244' title='bbox 1120 3759 1181 3826; x_wconf 85' lang='lat' dir='ltr'><strong>Sed</strong></span> <span class='ocrx_word' id='word_1_245' title='bbox 1196 3779 1232 3824; x_wconf 86' lang='lat' dir='ltr'><strong>ea</strong></span> 
     </span>
     <span class='ocr_line' id='line_1_32' title="bbox 192 3861 1232 3947; baseline 0 -19"><span class='ocrx_word' id='word_1_246' title='bbox 192 3866 320 3946; x_wconf 87' lang='lat' dir='ltr'><strong>insuper</strong></span> <span class='ocrx_word' id='word_1_247' title='bbox 340 3865 462 3927; x_wconf 89' lang='lat' dir='ltr'><strong>nimium</strong></span> <span class='ocrx_word' id='word_1_248' title='bbox 485 3865 606 3947; x_wconf 89' lang='lat' dir='ltr'><strong>probat,</strong></span> <span class='ocrx_word' id='word_1_249' title='bbox 630 3883 699 3928; x_wconf 91' lang='lat' dir='ltr'><strong>nam</strong></span> <span class='ocrx_word' id='word_1_250' title='bbox 721 3873 771 3927; x_wconf 89' lang='lat' dir='ltr'><strong>aut</strong></span> <span class='ocrx_word' id='word_1_251' title='bbox 797 3861 877 3926; x_wconf 90' lang='lat' dir='ltr'><strong>omui</strong></span> <span class='ocrx_word' id='word_1_252' title='bbox 898 3862 1021 3926; x_wconf 77' lang='lat' dir='ltr'><strong>omuino</strong></span> <span class='ocrx_word' id='word_1_253' title='bbox 1042 3864 1232 3944; x_wconf 79' lang='lat' dir='ltr'><strong>promissioni</strong></span> 
     </span>
     <span class='ocr_line' id='line_1_33' title="bbox 193 3967 1232 4050; baseline 0 -16"><span class='ocrx_word' id='word_1_254' title='bbox 193 3968 331 4034; x_wconf 68' lang='lat' dir='ltr'><strong>mudum</strong></span> <span class='ocrx_word' id='word_1_255' title='bbox 345 3975 442 4046; x_wconf 85' lang='lat' dir='ltr'><strong>esset,</strong></span> <span class='ocrx_word' id='word_1_256' title='bbox 455 3977 507 4033; x_wconf 87' lang='lat' dir='ltr'><strong>aut</strong></span> <span class='ocrx_word' id='word_1_257' title='bbox 521 3969 644 4033; x_wconf 70' lang='lat' dir='ltr'><strong>trombi</strong></span> <span class='ocrx_word' id='word_1_258' title='bbox 658 3970 706 4048; x_wconf 82' lang='lat' dir='ltr'><strong>iis,</strong></span> <span class='ocrx_word' id='word_1_259' title='bbox 722 3970 791 4034; x_wconf 88' lang='lat' dir='ltr'><strong>siue</strong></span> <span class='ocrx_word' id='word_1_260' title='bbox 806 3967 915 4050; x_wconf 82' lang='lat' dir='ltr'><strong>quibus</strong></span> <span class='ocrx_word' id='word_1_261' title='bbox 932 3969 1145 4034; x_wconf 74' lang='lat' dir='ltr'><strong>commercium</strong></span> <span class='ocrx_word' id='word_1_262' title='bbox 1161 3988 1232 4034; x_wconf 89' lang='lat' dir='ltr'><strong>esse</strong></span> 
     </span>
    </p>
   </div>
   <div class='ocr_carea' id='block_1_3' title="bbox 194 4110 1232 4270">
    <p class='ocr_par' dir='ltr' id='par_1_5' title="bbox 194 4110 1232 4270">
     <span class='ocr_line' id='line_1_34' title="bbox 249 4110 1232 4178; baseline 0.007 -18"><span class='ocrx_word' id='word_1_263' title='bbox 249 4111 275 4178; x_wconf 89' lang='lat'><strong>1)</strong></span> <span class='ocrx_word' id='word_1_264' title='bbox 293 4110 424 4162; x_wconf 81' lang='lat' dir='ltr'><strong>Plurimae</strong></span> <span class='ocrx_word' id='word_1_265' title='bbox 435 4112 560 4175; x_wconf 77' lang='lat' dir='ltr'><strong>reticues,</strong></span> <span class='ocrx_word' id='word_1_266' title='bbox 572 4112 671 4177; x_wconf 84' lang='lat' dir='ltr'><strong>quibus</strong></span> <span class='ocrx_word' id='word_1_267' title='bbox 682 4118 795 4163; x_wconf 86' lang='lat' dir='ltr'><strong>utuntur</strong></span> <span class='ocrx_word' id='word_1_268' title='bbox 807 4111 840 4163; x_wconf 87' lang='lat' dir='ltr'><strong>ad</strong></span> <span class='ocrx_word' id='word_1_269' title='bbox 851 4111 1014 4178; x_wconf 80' lang='lat' dir='ltr'><strong>probandam</strong></span> <span class='ocrx_word' id='word_1_270' title='bbox 1027 4117 1232 4167; x_wconf 76' lang='lat' dir='ltr'><strong>conventionum</strong></span> 
     </span>
     <span class='ocr_line' id='line_1_35' title="bbox 194 4197 861 4270; baseline 0.006 -22"><span class='ocrx_word' id='word_1_271' title='bbox 194 4197 256 4260; x_wconf 72' lang='lat' dir='ltr'><strong>vim²</strong></span> <span class='ocrx_word' id='word_1_272' title='bbox 272 4212 334 4248; x_wconf 87' lang='lat' dir='ltr'><strong>cum</strong></span> <span class='ocrx_word' id='word_1_273' title='bbox 346 4198 445 4249; x_wconf 81' lang='lat' dir='ltr'><strong>Kantio</strong></span> <span class='ocrx_word' id='word_1_274' title='bbox 458 4199 597 4266; x_wconf 86' lang='lat' dir='ltr'><strong>impugnat</strong></span> <span class='ocrx_word' id='word_1_275' title='bbox 609 4201 689 4270; x_wconf 81' lang='lat' dir='ltr'><strong>Hugo</strong></span> <span class='ocrx_word' id='word_1_276' title='bbox 702 4202 731 4251; x_wconf 90' lang='lat' dir='ltr'><strong>in</strong></span> <span class='ocrx_word' id='word_1_277' title='bbox 743 4203 766 4265; x_wconf 66' lang='grc'><strong>5.</strong></span> <span class='ocrx_word' id='word_1_278' title='bbox 780 4201 840 4252; x_wconf 82' lang='grc'>336.</span> <span class='ocrx_word' id='word_1_279' title='bbox 858 4231 861 4236; x_wconf 68' lang='lat'><em>,</em></span> 
     </span>
    </p>
   </div>
   <div class='ocr_carea' id='block_1_4' title="bbox 0 0 1567 5292">
    <p class='ocr_par' dir='ltr' id='par_1_6' title="bbox 0 0 1567 5292">
     <span class='ocr_line' id='line_1_36' title="bbox 0 0 1567 5292; baseline 0 0"><span class='ocrx_word' id='word_1_280' title='bbox 0 0 1567 5292; x_wconf 95' lang='lat' dir='ltr'><strong> </strong></span> 
     </span>
    </p>
   </div>
  </div>
 </body>
</html>
