3109 5292
666 595 708 684 le

171 801 249 864 tonis
266 799 296 877 ι)
318 799 454 864 doctrina·
469 799 631 882 coniuncta
647 806 678 861 ct
693 807 871 880 exaequata,
893 797 1096 877 tradiderunt;
1117 813 1199 862 nou-

170 906 244 970 nulli
260 913 291 970 et
305 905 485 989 praesertim
496 905 576 990 juris
591 899 680 988 periti
700 920 893 968 romanorum
912 904 1200 969 Jurisconsultorum

170 1009 362 1075 definitiones
382 1029 449 1074 cum
464 1011 501 1074 iis
517 1011 712 1074 miscuerunt.
749 1005 947 1073 Nihilominus
967 1025 1073 1074 eorum
1093 1009 1201 1074 studiis

169 1116 377 1200 philosophica
390 1115 469 1200 Juris
485 1115 624 1181 doctrina
636 1121 682 1179 est
692 1121 794 1192 aucta3
810 1121 842 1177 et
850 1115 956 1178 variae
970 1116 1109 1179 notiones
1123 1133 1199 1179 rec·

169 1223 231 1286 tius
254 1229 422 1306 coeperunt
443 1220 588 1306 intelligi,
611 1239 690 1284 nova
713 1219 795 1284 illius
815 1219 990 1284 tractandae
1012 1221 1062 1284 via
1084 1227 1199 1304 aperta,

172 1345 261 1410 quam
275 1328 402 1412 posthac
417 1327 538 1410 plurimi
555 1326 652 1389 secuti
668 1333 745 1390 sunt.
783 1325 868 1389 lieet
887 1326 965 1388 enim
984 1325 1131 1389 rationem
1150 1332 1200 1389 at-

170 1451 230 1514 que
250 1433 466 1498 revelationem
488 1450 548 1515 pro
571 1432 693 1496 summis
711 1431 791 1515 juris
815 1451 850 1496 ac
867 1433 992 1515 justitae
1013 1430 1146 1496 lontibus
1170 1440 1201 1494 et

168 1537 356 1622 Decalogum
371 1555 428 1620 pro
444 1535 550 1601 codice
561 1537 640 1620 juris
655 1537 797 1601 naturalis
817 1535 980 1617 haberent,
1003 1544 1105 1600 tamen
1119 1535 1201 1621 juris

167 1651 342 1726 praecepta,
358 1642 422 1707 solt
438 1643 555 1708 ratione
572 1645 704 1728 cognita,
720 1643 758 1708 ah
774 1644 821 1725 iis,
831 1660 908 1727 quae
923 1643 1045 1728 legibus
1060 1643 1201 1708 mosaicis

169 1755 257 1830 utque
273 1750 304 1812 in
318 1749 487 1834 Evangelio
502 1750 617 1813 sancita
633 1755 717 1830 sunt,
741 1750 915 1814 accuratius
937 1747 1126 1834 distinguere
1141 1766 1200 1816 so·

168 1852 271 1917 lebant
286 1850 328 1935 ²),
350 1854 483 1938 ideoque
498 1854 618 1918 nonnisi
633 1853 707 1920 illud
728 1859 881 1918 autumate
894 1857 962 1933 joa,
984 1853 1044 1920 hoc
1057 1873 1134 1920 vero
1143 1857 1201 1931 tur

167 1960 332 2035 positivum
347 1961 493 2034 dimaon,
510 1970 541 2025 ct
555 1961 690 2044 reliquas
701 1959 781 2044 Juris
791 1962 926 2045 regulas,
941 1959 1061 2045 tegibus
1076 1977 1114 2024 ac
1128 1978 1198 2025 mo-

167 2063 252 2128 ribus
267 2065 449 2147 populorum
463 2065 604 2147 firmatas,
619 2069 676 2140 joa
689 2069 858 2145 positivum
872 2071 1041 2129 tomomsm
1057 2065 1198 2150 appella·-

167 2170 253 2248 hant3
276 2189 335 2253 quo
356 2171 468 2236 iactum
490 2180 553 2252 est,
576 2182 609 2237 ut
630 2172 668 2238 de
689 2173 741 2237 illo
757 2175 788 2237 in
802 2172 1011 2257 philosophica
1025 2173 1107 2256 J'uris
1121 2171 1199 2236 doc·

167 2276 244 2340 trina
260 2275 471 2342 disserendum
487 2296 557 2342 csse
577 2280 797 2362 opinarentur,
819 2280 858 2343 dc
880 2279 939 2344 hoc
962 2297 1039 2343 vero
1058 2297 1121 2343 non
1140 2279 1199 2345 nisi

167 2388 313 2463 quatenus
329 2384 397 2466 ejus
412 2382 600 2448 definitiones
617 2404 634 2448 e
645 2386 716 2469 jure
731 2385 861 2449 naturali
875 2385 1030 2467 proticisci
1049 2384 1198 2450 videren-

167 2494 224 2551 tur.
251 2487 389 2572 Denique
405 2496 437 2552 et
453 2489 596 2554 advitam
611 2479 756 2554 so'cialem
772 2491 812 2553 ita
828 2490 1014 2574 spectabant,
1035 2497 1070 2554 ut
1085 2489 1123 2554 ad
1139 2487 1199 2553 de-

167 2589 296 2656 linienda
312 2611 365 2672 ea,
389 2613 467 2676 quae
482 2596 621 2678 projure
643 2612 714 2659 esse
735 2592 881 2674 debeant,
903 2595 1026 2658 socialis
1046 2594 1198 2660 hominum

166 2705 292 2762 naturae
312 2699 391 2763 ratio
413 2698 579 2763 haberetur
601 2696 646 2779 ³),
674 2707 705 2764 et
724 2700 917 2764 necessariae
938 2701 1035 2764 omnis
1056 2700 1198 2765 Politicae

166 2811 250 2867 recte
266 2805 493 2868 constituendae
506 2805 693 2870 conditiones
705 2805 879 2890 diligentius
890 2801 1197 2889 invesugarenturt).

166 2905 308 2973 Ceterum
322 2909 559 2992 philosophicam
572 2911 650 2994 juris
665 2910 889 2995 indagationem
899 2928 958 2974 non
969 2911 1026 2973 nisi
1041 2927 1100 2995 pro
1109 2917 1196 2992 parte

165 3015 373 3099 philosophiae
396 3017 518 3082 moralis
540 3016 705 3100 habebant3
728 3017 896 3102 sejunctam
918 3033 988 3080 esse
1007 3017 1044 3080 ab
1061 3035 1099 3082 ea
1113 3023 1198 3081 aute

221 3225 246 3294 1)
264 3224 354 3279 Veluti
366 3227 543 3282 Wincklerus.

220 3315 246 3383 t)
265 3315 449 3385 Hemmingius
457 3317 603 3372 doctrinam
615 3317 647 3369 de
660 3317 779 3369 moribus
792 3317 862 3368 etde
874 3315 980 3384 legibus
992 3324 1101 3370 naturae
1113 3331 1197 3383 seque

166 3419 198 3457 ae
209 3404 329 3457 Euclidis
341 3406 448 3474 regulas
467 3405 671 3458 evidentissimis
689 3405 838 3458 rationibus
857 3406 920 3470 niti,
939 3408 992 3458 ic.
1012 3422 1114 3458 summa
1127 3407 1196 3473 juria

166 3492 294 3544 naturalis
312 3500 453 3561 praecepta
470 3511 488 3545 o
500 3493 589 3560 priori
595 3531 603 3558 ,
628 3499 659 3545 ut
677 3493 805 3558 dicimus,
826 3475 933 3563 probari
951 3509 1030 3563 posse
1049 3493 1197 3557 contendit3

166 3587 192 3632 et
203 3580 332 3646 quidquid
344 3589 482 3634 conservet
495 3587 592 3634 statum
606 3583 817 3647 oeconomicum,
835 3581 974 3650 politicum
987 3589 1013 3634 et
1025 3581 1196 3651 spiritualem,

165 3669 199 3720 iis
211 3671 329 3737 praecipi
342 3669 442 3720 statuit.

219 3756 245 3824 Β)
263 3757 421 3809 Praesertim
434 3773 450 3808 a
461 3755 624 3820 Wincklero,
642 3757 689 3822 qui
701 3773 816 3808 amorem
827 3755 878 3808 Dei
891 3762 971 3824 atque
983 3757 1106 3822 hominia,
1124 3755 1195 3808 ideo·

164 3861 216 3912 quc
228 3847 376 3898 custodiam
388 3847 523 3898 societatis
536 3862 583 3898 seu
595 3850 714 3897 mutuam
726 3844 938 3898 benevolentiam
949 3861 997 3912 pro
1010 3860 1112 3896 summo
1121 3845 1195 3912 justo

163 3939 305 4000 praecepto
317 3931 406 3998 habet,
425 3934 518 3986 animis
531 3935 630 3986 nostris
643 3946 696 3982 nne
708 3947 768 3982 cum
779 3933 837 3982 rita
848 3933 944 3984 infuso.

215 4025 243 4090 4)
261 4021 426 4074 Winokler
443 4040 486 4090 pp.
506 4025 547 4074 63.
562 4026 604 4074 73.
635 4019 784 4088 Distinguit
797 4025 890 4070 auctor
898 4022 942 4085 jus
954 4018 1076 4072 naturale
1089 4020 1195 4088 duplex,
1264 4052 1268 4063 ·

162 4112 236 4179 priua
250 4116 276 4162 et
288 4113 428 4179 posterius,
447 4111 515 4162 illud
527 4111 596 4162 inter
608 4111 728 4162 homines
746 4115 820 4162 entra
836 4107 942 4161 civilem
960 4110 1114 4161 societatem
1131 4124 1194 4162 eon·

161 4200 283 4264 atltutos,
306 4199 358 4250 hoc
381 4201 450 4252 inter
474 4215 533 4264 eoa,
559 4199 605 4266 qui
629 4201 657 4252 in
682 4201 791 4254 civitate
819 4197 925 4301 degant,
952 4198 1126 4265 intercedens,
1148 4215 1193 4268 pp.

163 4290 206 4340 il.
231 4301 288 4356 sqq.
