3109 5292
676 553 728 624 89³

180 727 297 798 nuxiiic
317 725 452 798 adhibite
473 752 491 796 s
501 730 607 818 judice
622 733 693 820 uugi
708 731 869 819 possimus.
908 735 1096 812 Quibusdrm
1116 741 1223 804 enter·

178 845 261 904 unta
276 841 356 902 inest
370 841 432 917 ris,
454 847 503 918 ut,
527 841 552 902 si
572 842 640 922 quis
655 851 819 924 susceptio
840 843 1016 928 obligationi
1036 841 1218 908 satisfacere

178 944 394 1022 notit,ursnus
410 943 534 1025 injectio
549 946 579 1008 in
596 963 665 1008 eum
680 947 783 1010 locum
799 946 924 1027 hebeat,
944 950 1033 1030 uque
1046 950 1079 1012 in
1092 949 1215 1013 vincula

178 1049 289 1132 conjici
304 1055 357 1112 eut
371 1063 472 1130 poene
488 1049 564 1112 edici
579 1050 685 1130 possit.

246 1151 322 1216 Sunt
343 1153 432 1235 jure,
459 1153 490 1215 iu
518 1153 626 1234 quibus
649 1155 782 1216 titertar
804 1156 966 1237 plurimum
990 1157 1088 1237 vetet,
1118 1163 1217 1240 euque

178 1251 273 1340 vulgo
299 1258 464 1318 libertates
489 1266 650 1334 vocentur3
678 1260 708 1321 in
733 1258 800 1322 eliis
824 1261 987 1343 plurimum
1017 1263 1100 1326 velet
1119 1271 1217 1346 pute·

177 1370 257 1440 sus,
272 1379 373 1444 euque
387 1365 558 1438 potcstatis
568 1366 640 1446 jure
656 1364 807 1447 appellari
821 1364 908 1444 licet,
930 1375 966 1430 ut
980 1368 1094 1446 meriti,
1109 1369 1216 1449 putris,

177 1467 301 1544 tuturis,
318 1466 542 1550 magistratuum
548 1487 557 1544 3
579 1468 609 1529 in
628 1467 694 1530 eliis
711 1465 843 1549 denique
858 1470 1034 1549 praecanti
1049 1473 1217 1536 necentur

178 1571 305 1654 potioris
321 1579 369 1636 est
382 1574 534 1635 momenti.
1122 1607 1125 1611 ,

244 1673 296 1739 uu.
320 1675 439 1740 Summo
453 1677 601 1756 omnium,
619 1695 698 1758 quoe
714 1678 803 1740 nubis
819 1685 1002 1760 competunt,
1012 1680 1116 1761 jurum
1131 1677 1214 1741 divi-

175 1785 223 1848 sio
240 1771 271 1847 in
287 1783 348 1854 duo
363 1800 480 1866 genere
497 1790 528 1846 et
543 1791 675 1863 quatuor
692 1783 816 1865 species
832 1781 1002 1847 deducitur.

215 1929 217 1936 ,
244 1887 281 1950 Α.
304 1887 378 1952 Sunt
391 1886 631 1969 euinqueedum
644 1889 734 1952 unice
744 1889 1039 1965 perscorensem
1051 1886 1214 1969 etquidem

274 1997 310 2066 e)
334 2009 382 2070 cu,
398 1991 508 2073 quibus
523 1999 618 2055 status
641 1991 767 2074 alicujus
783 2010 935 2075 personae
951 1992 1146 2056 constituitur
1161 1992 1212 2054 vel

329 2099 408 2181 juris
423 2096 554 2160 habendi
570 2106 622 2162 eut
637 2096 806 2162 exercendi
821 2097 986 2179 capucitss3
1077 2119 1085 2130 ·

265 2202 310 2277 b)
333 2203 405 2264 item
428 2201 495 2279 ille,
524 2203 633 2282 quibus
661 2219 814 2284 personne
841 2209 965 2265 nostrie
986 2201 1036 2264 ulii
1059 2217 1212 2283 pertunde

334 2306 541 2390 subjiciuntur.

244 2411 296 2473 uu
312 2417 432 2487 statue,
447 2407 525 2472 hoec
538 2409 708 2486 potestatis
718 2409 791 2490 jure
808 2407 937 2473 dicende
951 2417 1031 2472 sunt

243 2513 276 2576 B.
300 2514 367 2578 Alie
380 2516 451 2598 jure
463 2513 500 2577 ed
513 2513 591 2577 bonu
604 2501 755 2594 speciant,
772 2521 803 2574 ct
816 2514 1002 2588 pauimenti
1009 2518 1090 2587 jorn
1101 2515 1212 2596 eppei-

178 2620 236 2684 lrri
251 2619 372 2698 debent,
434 2637 439 2644 ’

274 2728 310 2799 r)
333 2741 412 2806 quae
428 2724 568 2794 tutiora
583 2724 616 2782 iri
630 2739 667 2783 re
682 2729 766 2800 sunt,
788 2727 823 2785 ut
838 2720 1017 2801 dominium,
1037 2723 1213 2801 servitutec,

332 2829 479 2912 pignore,
497 2826 607 2908 quibus
623 2843 675 2890 res
692 2826 790 2908 ulique
808 2828 949 2907 potestati
963 2835 1089 2890 nesure
1104 2829 1213 2890 mme-

230 2931 232 2938 ’
331 2935 436 3006 dicte,
459 2939 493 2996 ut
514 2931 641 3009 dicitur,
671 2931 808 3014 subjectu
832 2938 864 2994 ct
888 2932 1017 2994 neminis
1042 2931 1213 3016 adjumento

332 3053 409 3120 opus
424 3044 482 3116 est,
496 3043 531 3100 ut
547 3035 585 3098 de
601 3036 713 3115 rebus,
729 3037 759 3098 in
774 3036 885 3117 quibus
900 3036 1049 3118 ejusmodi
1060 3039 1112 3120 jus
1126 3036 1214 3102 notis

333 3147 519 3223 competunt,
536 3139 747 3221 disponemus3
1165 3147 1169 3153 ’

274 3247 311 3322 b)
335 3254 387 3310 eut
402 3245 472 3309 stunt
486 3247 707 3323 abdicationes,
728 3245 838 3326 quibus
859 3244 937 3308 elius
956 3245 1140 3311 uecessittte
1155 3245 1213 3308 ud·

331 3349 491 3433 stringitur
507 3349 635 3432 alicujus
651 3349 698 3412 rei
713 3349 802 3412 nobis
817 3349 994 3413 solvendae.
1201 3357 1205 3364 '

243 3452 318 3518 Cum
346 3453 397 3517 ilia
416 3457 489 3538 jure
516 3454 597 3518 iectu
620 3454 657 3516 eb
681 3453 821 3517 omnibus
843 3455 951 3518 rioinri
970 3455 1103 3535 possint,
1126 3472 1165 3518 ee
1183 3455 1221 3518 iri‘

128 3553 135 3556 ’
177 3559 377 3624 retractione
393 3560 608 3641 persequimur
613 3579 623 3636 ;
639 3559 709 3622 dum
725 3579 766 3624 cx
782 3560 984 3644 obitgutiune,
1000 3578 1061 3642 que
1075 3561 1141 3623 sois
1155 3559 1213 3623 de-

176 3665 282 3728 bituris
308 3680 440 3746 persone
470 3663 668 3747 adstringitur
695 3665 725 3726 in
757 3681 921 3745 personum
953 3665 1005 3727 vei
1035 3663 1215 3746 perseuelcs

177 3769 315 3832 actiones
332 3776 509 3836 nuscuntur.

243 3872 326 3936 luter
347 3889 499 3954 personae
524 3880 556 3936 et
577 3873 749 3955 patrimonii
766 3875 837 3956 jure
865 3889 979 3954 reapse
1001 3873 1060 3936 hoc
1084 3873 1215 3936 maxine

177 3977 323 4054 interest,
353 3975 435 4059 quod
459 3977 536 4040 haec
559 3977 766 4058 pecuniarium
790 3976 1031 4040 aestimationem
1052 3975 1214 4057 recipiunt,

177 4081 247 4144 dum
263 4082 328 4161 ille,
345 4081 440 4146 veluti
455 4080 597 4159 libertus,
613 4082 711 4163 putria
726 4087 879 4166 potestne,
896 4088 1004 4143 cetere
1018 4099 1070 4144 res
1085 4081 1214 4145 inresti-
