3109 5292
435 1127 905 1264 'rornooocrro

572 1525 726 1578 cnr-un·
751 1523 786 1575 1.

480 1639 572 1712 ilatio
595 1639 688 1732 tqjus
711 1639 880 1711 doctrinas.

236 1819 264 1885 l.
293 1820 536 1904 lurisprudentia
556 1823 587 1886 in
610 1823 683 1887 artis
703 1819 840 1884 ordinem
862 1818 987 1884 redacta
1005 1817 1196 1902 quadruplici

167 1927 286 1992 ratione
306 1925 461 1992 tractanda
482 1945 552 1992 esse
573 1927 707 2007 videtur,
726 1927 895 2003 historico,
917 1926 1093 2005 diductius,
1116 1941 1195 1986 exe-

167 2033 286 2113 pastea,
309 2032 531 2110 pottoaoptatm.
569 2032 616 2096 Ex
631 2034 711 2116 juris
730 2032 867 2094 historio
886 2031 1097 2115 cognoscimus
1117 2029 1197 2113 juris

168 2138 263 2202 nostri
286 2137 421 2221 origines
444 2145 476 2202 et
496 2137 738 2215 vicissitudinem
768 2138 929 2200 diductico
952 2144 1052 2203 autem
1074 2136 1198 2200 institu-

70 2237 72 2242 ’
169 2243 251 2306 tione
273 2244 351 2326 juris
375 2243 550 2328 regularum
572 2247 633 2309 vim
658 2253 689 2309 et
710 2251 910 2328 potestatem,
939 2247 1104 2322 emeqettco
1128 2242 1198 2306 dein

168 2347 269 2432 legem
285 2349 303 2411 i.
320 2367 346 2411 e.
366 2350 471 2432 scripti
488 2352 565 2434 juris
586 2368 717 2416 sensum.
748 2350 831 2414 llaec
850 2358 950 2415 autem
967 2350 1006 2414 de
1021 2351 1101 2434 juris
1118 2367 1198 2434 cog·

52 2531 61 2541 Ι
169 2456 283 2519 nitione
304 2454 417 2539 triplex
433 2459 571 2538 quaestio
587 2476 647 2522 non
662 2475 768 2522 ornnes
783 2475 927 2521 numeros
946 2455 1052 2542 habet,
1073 2455 1132 2519 nisi
1149 2452 1199 2518 di·
1236 2447 1239 2453 ’

169 2561 278 2624 visioni
290 2569 415 2626 nostrae
427 2564 514 2644 quasi
529 2565 667 2630 cumulus
677 2561 803 2629 accedat
814 2562 1026 2646 contemplatio
1036 2562 1115 2646 juris
1126 2560 1199 2638 ploi-

168 2667 337 2744 toaopltlca.
858 2671 861 2674 ’

237 2772 268 2836 2.
292 2773 456 2847 Quaeritur
472 2776 549 2839 enirn
566 2778 707 2860 primum:
730 2776 812 2843 unde
827 2775 923 2839 omnis
937 2773 1020 2837 notio
1030 2772 1110 2856 juris
1125 2770 1200 2834 des·-

171 2877 282 2944 oendat
301 2887 332 2944 et
350 2898 497 2961 quaenam
518 2883 578 2947 sint
597 2884 712 2966 primae
728 2880 865 2948 universi
880 2880 959 2964 juris
978 2877 1111 2944 causae?
1133 2878 1199 2960 quis

172 3002 306 3049 summus
321 2985 400 3069 puris
420 2985 509 3052 linis?
534 2986 583 3052 Ad
598 2989 652 3054 has
667 2988 804 3072 inprimis
818 2987 1013 3069 quaestiones
1028 3002 1116 3048 omne
1130 2991 1200 3048 stu·-

171 3087 251 3156 dium
273 3091 437 3171 conferre,
460 3110 574 3175 operae
595 3095 727 3176 pretium
748 3110 819 3158 esse
839 3091 968 3156 uidetur.
999 3088 1101 3164 Quare
1121 3086 1199 3152 doc-

170 3195 278 3260 tissimi
303 3196 361 3259 viri
386 3195 541 3278 inquirere
566 3199 741 3264 studebant:
769 3201 822 3283 Jus
845 3206 943 3262 utrum
968 3196 1160 3261 constitutum
1183 3213 1200 3259 a

171 3303 353 3382 maturauit,
378 3321 415 3366 au
437 3303 562 3368 arbitrio
584 3305 749 3370 institutum
769 3304 806 3370 ab
827 3302 1015 3369 hominibus?
1045 3301 1100 3366 Est
1120 3301 1200 3364 enim

172 3406 291 3470 maximi
306 3408 461 3488 momenti,
484 3409 631 3493 indagare
648 3412 722 3494 justi
743 3417 835 3493 atquo
854 3409 957 3493 injusti
975 3408 1036 3472 vim
1056 3415 1090 3470 et
1107 3414 1201 3471 uatu-

172 3530 253 3594 ram,
284 3521 314 3576 et
337 3532 374 3578 ea
396 3513 584 3600 investigare
606 3525 789 3600 praesepta,
818 3515 885 3579 sine
907 3515 1016 3597 quibus
1039 3530 1138 3595 neque
1161 3510 1200 3574 de

172 3618 351 3702 populorum
373 3619 510 3703 legibus,
533 3639 592 3684 nec
614 3622 777 3687 civitatium
797 3620 924 3704 publicis
943 3619 1130 3703 privatisque
1150 3619 1200 3682 in-

171 3724 280 3788 stitutis
296 3731 383 3788 recte
399 3723 537 3808 judicare
552 3743 725 3810 possumus.

239 3830 321 3905 Quae
335 3849 518 3896 summorum
533 3833 629 3897 omnis
638 3833 717 3916 juris
730 3833 948 3915 principiorum
958 3829 1112 3913 inquisitio
1123 3847 1201 3893 con-

172 3933 285 4000 tinetur
306 3955 343 4000 ea
364 3936 539 4021 disciplina,
567 3957 656 4021 quam
676 3938 914 4020 philosophicam
933 3937 1013 4021 juris
1034 3935 1201 4000 doctrinam

72 4037 76 4050 '
172 4040 224 4106 vel
238 4041 324 4113 juris
342 4042 569 4120 philosophiam
586 4044 781 4126 appellamus.

239 4143 270 4210 3.
293 4146 464 4231 Scriptores
485 4149 538 4230 qui
557 4149 587 4213 in
606 4149 664 4214 hoc
679 4146 938 4234 jurisprudentiae
951 4165 1075 4231 -genere
1093 4146 1201 4211 elabo-

173 4258 292 4328 rarunt,
316 4251 440 4317 candem
462 4253 647 4338 disciplinam
668 4254 760 4319 variis
783 4253 953 4319 nominibus
973 4253 1202 4339 tmignivemm

219 4370 675 4426 warnuommunatumuoaas.
971 4358 987 4423 i
