3109 5292
873 520 895 589 2

435 707 470 780 a)
492 703 608 770 Etenim
632 703 773 783 inerunt,
802 703 867 784 qui,
898 711 931 768 ut
954 720 1033 767 anno
1059 701 1144 766 todo
1169 702 1399 782 Pudendorllus,

368 817 399 874 et
413 818 518 875 nostra
533 818 632 875 aetate
648 805 765 893 (1828)
782 808 905 888 Austin,
927 809 974 873 vir
989 809 1126 893 inprimis
1141 808 1246 876 doctus
1257 811 1401 895 jurisque

366 915 397 978 in
416 914 579 981 Academia
597 914 779 981 Londinensi
799 915 986 980 clarissimus
1004 933 1103 999 nuper
1122 916 1295 1000 professor,
1318 916 1399 981 illam

367 1019 553 1104 disciplinam
574 1013 865 1100 Juricprudentiona
883 1024 1105 1097 untamatem,
1133 1031 1178 1103 et,
1202 1031 1236 1086 ut
1254 1022 1399 1087 Eschen-

365 1144 524 1210 mayerus‚
552 1130 622 1210 (qui
643 1127 855 1211 philosophiae
878 1127 1035 1211 proleasor
1056 1127 1268 1213 'lobengensis
1290 1131 1398 1212 paucis

365 1231 473 1297 abhinc
501 1235 586 1299 annis
609 1242 744 1298 mortuus
771 1239 840 1309 est)
858 1237 942 1309 juria
965 1237 1116 1298 normalis
1138 1238 1315 1300 doctrinam
1338 1254 1397 1320 ap-

363 1338 524 1422 policroni.

429 1444 466 1522 h)
495 1444 553 1511 Sed
577 1464 595 1508 a
616 1444 753 1527 plurimis
776 1445 854 1513 hoec
878 1446 1004 1511 scientia
1027 1446 1082 1519 jue
1105 1454 1243 1511 acturae
1265 1449 1317 1512 rel
1341 1452 1397 1524 jae
1433 1506 1440 1524 ‚

362 1554 511 1613 acmanto
525 1558 662 1616 vocatur.
693 1551 769 1616 Sunt
788 1554 894 1634 etiam,
917 1555 983 1636 qui,
1006 1571 1098 1636 quum
1113 1562 1279 1639 praecepta
1295 1556 1364 1639 ejus
1379 1574 1398 1619 a

292 1707 299 1728 ,
362 1654 429 1719 sola
451 1657 569 1720 ratione
590 1657 701 1720 sanciri
723 1667 886 1738 censeant,
914 1660 964 1730 ios
983 1659 1143 1721 rationale
1164 1661 1394 1735 (vernunst-

360 1763 482 1837 recht)
507 1779 574 1826 earn
598 1761 705 1826 dicant

429 1866 575 1941 Quoniam
592 1866 630 1931 de
650 1868 697 1932 his
716 1869 790 1932 satis
807 1869 900 1933 multa
917 1868 1062 1950 diximus,
1084 1888 1166 1934 nuno
1181 1870 1340 1935 rideamus
1355 1871 1395 1935 de

357 1972 436 2056 juris
459 1973 541 2038 illius
562 1973 593 2037 vi
615 1992 650 2038 ac
673 1981 834 2056 potestate.
871 1973 909 2037 Et
932 1974 970 2038 de
993 1994 1030 2039 ea
1052 1975 1175 2058 quidem
1197 1978 1302 2041 variae
1325 1983 1396 2040 sont

360 2079 604 2143 doctissimorum
632 2079 783 2144 hominurn
811 2080 1081 2163 discrepantesque
1107 2084 1286 2148 sententiae.
1332 2081 1395 2145 Alii

362 2185 441 2248 enim
457 2185 538 2269 Juris
558 2193 722 2268 praecepta
741 2185 821 2249 inter
842 2186 977 2251 homines
997 2186 1081 2250 nullo
1097 2189 1251 2254 societatis
1269 2187 1394 2255 vinculo

360 2290 439 2354 inter
462 2308 497 2354 se
520 2291 700 2374 conjunctos
724 2291 915 2355 observanda
936 2291 1124 2376 intelligunt3
1156 2295 1206 2358 alii
1230 2314 1285 2375 ea,
1314 2312 1392 2377 quae

360 2397 391 2461 in
411 2414 591 2480 unaquaque
613 2397 732 2460 civitate
755 2405 807 2461 aut
827 2415 881 2462 sne
903 2398 934 2463 vi
955 2397 1123 2479 obtineant,
1151 2407 1202 2463 aut
1220 2419 1301 2483 quoe
1321 2407 1393 2464 tan·

360 2520 449 2584 quarn
469 2511 613 2567 aeternae
629 2504 764 2587 justitiae
786 2522 912 2567 normae
932 2503 970 2566 ab
991 2504 1129 2569 omnihus
1145 2505 1264 2588 populis
1281 2504 1393 2570 sanciri

360 2605 505 2685 debeant3
540 2627 635 2690 quare
664 2627 730 2672 eam
757 2609 945 2692 disciplinam
975 2610 1063 2675 etiam
1086 2612 1165 2694 juris
1192 2610 1394 2695 philosophici

360 2713 529 2778 doctrinam
552 2721 670 2778 vocant
723 2701 727 2710 “

426 2823 462 2896 a)
484 2820 531 2884 Ex
546 2819 604 2884 hac
622 2818 863 2885 denominatione
881 2822 940 2887 alia
959 2820 1051 2885 hodio
1068 2821 1262 2886 usitatissima
1284 2827 1391 2886 exortu

359 2933 416 3004 est,
437 2942 525 3007 quam
541 2933 573 2988 et
587 2942 643 2989 nos
658 2933 690 2987 ιιι
706 2927 853 3007 aptiorem
868 2926 1050 2991 servandam
1066 2945 1137 2991 esse
1151 2936 1307 3012 putamus:
1330 2943 1390 3008 ap-

359 3030 492 3114 pellatur
514 3032 594 3095 enirn
616 3049 653 3096 ea
676 3033 802 3096 scientia
825 3034 1042 3110 philosophico
1060 3033 1146 3108 juria
1168 3035 1316 3097 doctrino
1339 3031 1390 3096 rel

357 3137 555 3215 philosophia
572 3139 666 3210 iuria.

424 3243 479 3308 list
499 3246 577 3309 enim
597 3245 670 3309 nihil
690 3245 770 3310 aliud
789 3247 849 3309 nisi
867 3243 1076 3329 philosophica
1096 3251 1224 3308 naturae
1237 3245 1317 3328 juris
1337 3245 1388 3307 in-

358 3351 537 3433 vestigatio,
567 3368 627 3432 qua
649 3368 709 3414 non
733 3351 831 3416 solnm
853 3367 984 3414 summas
1008 3351 1104 3414 omnis
1123 3350 1335 3433 juris‘eausas
1357 3356 1389 3412 et

359 3453 558 3535 fundamento,
578 3455 633 3520 sed
647 3458 736 3520 etiam
748 3459 843 3540 ipsius
853 3458 929 3541 justi
939 3464 1076 3521 namnam
1089 3457 1286 3541 justitiaeque
1299 3457 1387 3541 prin-

359 3561 437 3645 eipia
446 3561 635 3644 philosophia
645 3565 757 3645 optima
767 3565 910 3648 magistro
919 3581 1110 3648 cognoscere
1119 3561 1284 3628 studemus.
1308 3561 1386 3637 oui-

358 3667 416 3733 bus
437 3667 542 3732 studiis
563 3669 590 3733 si
610 3670 754 3734 virtutum
770 3671 851 3753 juris
864 3671 997 3754 rigentis
1012 3669 1213 3752 vitiorumque
1232 3667 1385 3751 inquisitio

358 3773 546 3859 adjungitur,
570 3774 725 3860 disciplina
745 3785 848 3842 nostra
860 3778 949 3852 juria
965 3775 1092 3855 poaitici
1110 3776 1305 3853 philosophia
1325 3757 1406 3857 ap(

358 3879 465 3963 pellari
486 3880 566 3944 solet
581 3879 620 3956 ¹).

431 4123 455 4191 1)
473 4123 504 4174 Ε.
523 4139 549 4190 g.
569 4125 603 4178 ab
621 4127 735 4192 Hugone
754 4127 783 4176 in
799 4124 883 4196 libro:
906 4123 1063 4179 Naturreaht
1078 4124 1142 4177 oder
1158 4121 1321 4191 Philosophia
1336 4121 1382 4176 des

354 4210 481 4281 pardiaco
497 4211 595 4268 Rmhte.
625 4213 694 4266 Berl
716 4215 792 4267 1819.
886 4269 889 4273 .
