3109 5292
821 539 867 607 ⁵4

324 723 475 810 pertenue
499 737 636 806 quoque,
658 720 716 785 boc
738 727 787 784 est
806 719 945 804 legibus,
968 727 1047 800 quos
1067 715 1150 799 apud
1171 716 1364 781 excultiores

323 831 452 914 populos
466 829 647 906 invenimus,
662 826 867 906 institutisque
882 840 1015 886 necnon
1032 823 1186 886 bominum
1200 820 1362 885 doctum

324 949 476 998 consensu
491 930 676 1009 confirmari,
697 927 735 992 od
753 929 917 1012 ¹religionis
932 925 1064 1009 (lenique
1077 927 1234 990 revelatae
1254 938 1367 989 mora-·

323 1039 365 1102 lia
379 1044 542 1122 praecepto
558 1036 725 1099 convenire
741 1034 905 1117 apparebit.

390 1141 432 1204 llo
445 1146 547 1204 mente
561 1147 592 1202 et
604 1155 659 1202 nos
674 1138 705 1200 in
721 1137 912 1221 philosophia
923 1136 1002 1220 juris
1016 1133 1173 1198 tractanda
1189 1134 1268 1198 bano
1282 1134 1362 1196 inito

324 1247 492 1324 rabonem,
513 1261 603 1325 quam
624 1241 716 1306 unice
738 1250 854 1306 rectum
877 1241 1101 1320 existimamus,
1127 1240 1215 1303 nobis
1241 1255 1361 1320 propo-

323 1350 447 1413 suimus.

744 1461 939 1474 nm

709 1602 733 1667 u
756 1603 769 1668 1
792 1603 815 1666 s
838 1603 863 1668 u
885 1603 912 1667 R
949 1602 971 1667 1.

243 1736 245 1739 ’
322 1741 373 1824 llo
395 1735 548 1822 uuuorsi
565 1734 658 1842 jutis
680 1733 910 1818 bolmontis
928 1759 972 1818 os
989 1734 1132 1818 sunnia
1153 1731 1361 1840 prnacaptia

734 2047 828 2100 our
908 2049 942 2100 1.

366 2153 410 2224 ba
424 2152 577 2240 supremis
592 2148 724 2240 legibus.
739 2049 937 2222 volutaris-
952 2149 1112 2222 loniuun
1126 2150 1318 2238 mamam

391 2299 444 2366 33.
467 2301 500 2364 ln
516 2303 660 2366 universo
676 2311 830 2365 terrarum
842 2303 918 2364 orbe
933 2301 1070 2365 homiues
1086 2319 1147 2364 uon
1162 2309 1196 2363 ut
1211 2300 1362 2364 solitarios

322 2409 452 2472 invicem
468 2425 540 2470 sese
555 2405 706 2489 fugientes
721 2408 811 2470 uitem
832 2424 916 2469 suam
939 2423 1053 2488 ogere,
1076 2403 1130 2468 sed
1154 2403 1263 2468 namsi
1289 2422 1359 2466 esse
1475 2436 1479 2446 ·

323 2510 499 2575 conciliatos
516 2509 553 2572 od
570 2513 650 2573 vitae
672 2511 849 2574 societatem
873 2510 1196 2592 communitatemque,
1216 2525 1360 2591 quoquo-

299 2667 300 2672 ,
322 2615 413 2680 modo
438 2614 619 2692 ordinatum,
644 2623 675 2677 et
692 2614 800 2678 summi
820 2615 946 2698 alicujus
968 2613 1087 2696 imperii
1109 2615 1266 2698 subjectos
1288 2630 1360 2676 csso

322 2721 476 2802 potestati,
489 2726 657 2801 postremo,
672 2726 835 2799 utcumque
849 2737 953 2782 eornm
969 2718 1163 2783 communitus
1178 2719 1361 2797 nominetur,

322 2825 404 2886 ciues
427 2841 513 2901 esse,
539 2830 658 2885 constet
680 2824 760 2885 iuter
783 2840 899 2886 omues.
937 2821 1052 2896 Quibus
1068 2823 1098 2884 iu
1114 2820 1309 2886 societatibus
1325 2841 1361 2884 ea

324 2936 372 2990 ost
387 2927 506 2989 illorum
523 2925 669 3002 conditio,
692 2935 725 2988 ut
743 2926 869 3010 singuli,
893 2926 951 2989 uisi
973 2934 1080 2990 contra
1100 2936 1236 2990 usturam
1251 2929 1360 3010 jugum

322 3030 421 3093 ierant
437 3029 568 3108 servile,
590 3029 749 3091 libertatis
765 3028 895 3111 quodum
909 3038 1004 3108 stutu,
1019 3030 1140 3114 legibus
1155 3031 1284 3112 publicis
1300 3031 1358 3093 de-

322 3135 446 3213 scripto,
462 3132 523 3195 isui
538 3133 713 3212 videantur,
737 3152 826 3215 quem
847 3150 963 3197 summa
977 3135 1035 3195 istu
1052 3136 1206 3199 civitatum
1221 3140 1359 3216 potestas

323 3245 428 3300 contra
448 3237 576 3300 aliorum
597 3239 854 3300 contrectationes
876 3237 996 3318 publice
1019 3237 1147 3318 quadam
1172 3237 1359 3302 coercitione

322 3349 433 3406 tuetur.
472 3340 559 3406 Serta
582 3348 663 3405 tecte
690 3340 767 3404 bueo
792 3342 916 3403 libertus
938 3343 994 3411 joa
1023 3341 1176 3407 bominum
1205 3342 1359 3406 societatis

320 3444 442 3510 viuculo
464 3448 691 3528 conjunctorum
713 3445 875 3508 constituit
912 3442 1063 3525 Quidquid
1085 3444 1156 3510 huic
1175 3454 1299 3510 mutuae
1317 3445 1358 3507 li-

320 3546 447 3612 bertotis
471 3551 559 3612 statui
583 3550 769 3614 couveniens
796 3558 859 3628 est,
877 3552 1008 3623 jactum,
1033 3550 1113 3630 quod
1133 3568 1200 3613 eum
1224 3547 1358 3626 offendit,

320 3655 480 3729 lineatum,
497 3661 633 3716 vocatur.
662 3652 740 3716 lusti
756 3661 855 3716 tamen
870 3653 954 3716 notio
969 3651 1060 3716 latius
1075 3648 1171 3736 patet3
1186 3670 1254 3716 nam
1269 3652 1358 3735 leges

320 3758 507 3834 sanciuntur,
524 3757 664 3838 quonium
681 3757 721 3836 id,
736 3757 817 3839 quod
831 3755 1031 3838 praecipiunt,
1047 3775 1105 3840 pro
1115 3760 1199 3842 justo
1214 3757 1357 3831 babetur;

321 3867 352 3925 et
365 3877 460 3940 saepe
476 3861 643 3941 quaeritur,
666 3878 705 3923 au
718 3861 806 3942 ipsae
822 3863 881 3926 sint
891 3863 1014 3944 justae?

386 3961 458 4029 lude
474 3980 590 4028 summu
605 3965 656 4028 illa
671 3965 808 4046 quaestio
823 3967 941 4028 moveri
960 3965 1055 4044 solet,
1079 3966 1162 4030 uude
1178 3967 1253 4049 iusti
1273 3965 1358 4030 notio

321 4067 449 4149 ejusque
471 4067 509 4131 ab
529 4070 641 4152 injusto
662 4067 814 4133 distinctio
834 4077 866 4132 et
887 4085 967 4150 quae
989 4071 1057 4152 ejus
1073 4072 1112 4134 sit
1126 4071 1174 4132 vis
1190 4077 1282 4151 otqm
1296 4087 1357 4153 pe-

319 4168 439 4232 testas?
