3109 5292
666 495 728 562 177

180 675 256 750 lucc:
279 682 406 752 neuen
423 679 563 755 clintum
581 683 617 738 nt
639 678 774 738 tiberem
789 693 975 753 umbravere,
1000 685 1030 742 et
1049 697 1130 759 quae
1147 678 1218 760 jura

181 781 273 845 alicui
290 781 403 863 populo
418 780 578 844 tribuenda
593 781 662 858 sint,
678 788 712 844 ut
726 799 879 862 personae
896 781 962 844 loco
975 800 1050 845 vere
1063 782 1217 846 habeatur.

252 883 328 949 Cum
343 903 405 948 non
418 885 515 948 omnis
530 885 683 948 bominum
695 893 801 948 coetus
817 885 949 968 populus
965 887 1024 948 diei
1041 888 1147 966 possit,
1162 887 1219 950 sed

180 988 208 1050 is
223 995 350 1066 tanturn,
365 989 418 1069 qui
429 990 509 1070 juris
525 1007 678 1052 consensu
696 991 888 1053 consociatus
903 991 1059 1071 republica
1076 993 1218 1054 contine-

180 1098 240 1170 tur,
255 1092 432 1173 respublica
448 1099 547 1154 autern
564 1093 645 1155 nulla
662 1092 715 1171 sit,
740 1094 797 1154 nisi
814 1094 862 1155 cui
878 1095 917 1156 sit
932 1096 1074 1176 proprius
1091 1095 1218 1176 regimi-

181 1198 230 1258 nis
253 1197 377 1260 modus:
400 1197 512 1260 nullam
533 1197 633 1279 gentis
654 1216 724 1260 esse
746 1200 930 1280 agnitionem
951 1200 1141 1263 manifestum
1162 1209 1219 1278 est,

179 1302 240 1363 uisi
257 1303 387 1364 civitatis
402 1320 477 1366 suae
494 1301 592 1364 forma
609 1311 801 1384 agnoscatur.
826 1303 918 1366 lmmo
934 1303 1024 1385 hujus
1041 1305 1154 1387 agnitio
1169 1305 1219 1367 in-

180 1405 289 1485 primis
305 1407 482 1469 necessaria
498 1415 552 1469 est

147 1499 158 1519 ⁸
249 1509 447 1591 Reipublicae
472 1510 685 1573 constitutione
709 1517 823 1572 tantum
848 1530 888 1572 ex
908 1513 1059 1578 bominum
1081 1513 1219 1576 multitu-

181 1612 264 1692 dine,
279 1632 340 1694 qua
357 1614 486 1696 pupulus
503 1622 634 1692 constat,
648 1634 741 1679 unum
759 1634 874 1698 cerpus
890 1625 920 1680 et
935 1636 1066 1698 persona
1079 1618 1221 1696 efficitur,

180 1720 270 1788 mitta
287 1725 384 1796 capati
399 1725 472 1796 anati
489 1721 522 1794 ii,
536 1721 587 1796 prii
604 1721 770 1796 imperium
786 1727 902 1782 tentent.
921 1721 1012 1802 Apud
1026 1722 1220 1784 hospitarius

179 1823 309 1886 nationis
337 1825 489 1888 sententia
519 1825 646 1886 aberam
677 1841 849 1906 agnuscere
873 1825 1003 1888 volentis
1032 1825 1219 1888 manilestari

179 1925 285 2002 debet;
301 1927 391 1990 sicuti
405 1928 464 2008 ipsi
481 1928 584 2008 populi
600 1947 617 1989 a
633 1945 667 1989 se
680 1928 841 2010 gubernati
858 1930 979 1992 nomine
996 1931 1070 1992 alias
1083 1931 1220 1992 civitates

179 2038 360 2112 agnoscunt
376 2031 515 2113 Agncsei
531 2032 624 2114 igitur
641 2050 700 2094 nen
717 2039 820 2112 potest
835 2034 926 2108 natio,
944 2035 1024 2114 apud
1037 2053 1127 2114 quam
1137 2032 1220 2096 nulla

177 2135 335 2216 regiminis
346 2135 513 2211 lcrmaest;
536 2153 604 2198 narn
626 2155 665 2199 ne
681 2155 752 2198 esse
766 2136 887 2216 quidem
899 2138 1040 2202 creditur.
1057 2140 1220 2202 Praeterea

178 2238 215 2302 ab
225 2239 344 2320 imperii
353 2257 471 2324 genere
488 2247 519 2301 et
534 2239 623 2302 modo
639 2242 732 2303 tutius
744 2241 873 2304 civitatis
887 2243 1025 2324 regimen
1040 2243 1152 2325 pendet
1167 2245 1218 2319 ita,

178 2351 212 2406 ut
231 2361 341 2406 eversa
362 2353 393 2405 et
413 2343 548 2420 inolitus
570 2353 680 2407 mutata
697 2344 885 2425 reipublicae
904 2345 1015 2425 forma,
1041 2348 1118 2412 alius
1134 2347 1225 2435 quasi¹

178 2448 312 2528 populus
328 2448 438 2512 adesse
455 2448 609 2526 videatur,
626 2449 706 2530 apud
721 2467 811 2528 quern
828 2448 960 2512 fortasse
977 2452 1095 2517 infimae
1106 2451 1217 2513 cendi-

179 2553 270 2614 tionis
287 2553 423 2616 homiues
439 2571 555 2616 summa
571 2561 719 2634 potestate
735 2554 819 2634 potiti
834 2561 914 2632 sunt,
934 2573 1001 2617 cum
1018 2555 1125 2634 quibus
1141 2571 1218 2618 vero

180 2656 252 2738 quid
268 2674 426 2720 commune
443 2657 569 2735 babere,
591 2658 648 2720 alia
665 2659 746 2720 natio
762 2665 852 2740 turpe
869 2657 919 2722 vel
935 2660 1140 2738 periculosum
1156 2676 1217 2740 pu-

179 2762 301 2824 taverit.
331 2767 390 2822 Eat
405 2763 504 2838 ipitur
520 2763 661 2823 civitella
676 2761 802 2822 alienae
816 2767 940 2836 formae
961 2769 992 2822 et
1008 2781 1218 2838 personarum

180 2866 224 2926 ibi
238 2870 479 2940 quaeritantium
496 2869 614 2944 upnitio
633 2868 738 2944 prima
754 2867 907 2945 curaditio,
931 2887 951 2928 u
968 2885 1031 2946 pua
1046 2867 1145 2941 ipsine
1157 2883 1217 2942 po-

179 2972 247 3046 puii
262 2973 383 3044 upraitic
397 2977 521 3048 pertdet.
564 3014 566 3017 -

249 3075 313 3148 Qua
330 3094 371 3138 ex
386 3077 495 3159 regula
510 3078 663 3156 sequitur,
686 3083 721 3140 ut
740 3076 823 3139 nulla
838 3076 917 3158 juris
933 3075 1130 3140 necessitudo
1146 3094 1230 3154 cunr,

180 3197 218 3262 ec
234 3181 354 3261 pupulo·
364 3180 559 3243 intercedere
575 3181 690 3259 soleat,
721 3183 808 3262 cujus
830 3179 1002 3244 constitutio
1018 3181 1054 3243 ab
1071 3181 1138 3244 aliis
1154 3199 1216 3262 pc-

179 3283 261 3364 pulis
274 3285 395 3346 omuino
410 3284 604 3364 improbatur,
619 3285 670 3348 vel
686 3286 772 3365 cujus
789 3285 974 3365 imperantes
990 3303 1046 3365 prc
1062 3303 1123 3346 non
1139 3288 1216 3360 tepi-

181 3388 266 3448 timia
282 3388 443 3467 habentur,
467 3389 484 3450 i.
501 3406 527 3450 e.
543 3389 663 3469 probs,
680 3388 730 3467 qui
745 3406 806 3449 nun
817 3389 889 3469 jure
906 3387 960 3449 sed
977 3387 1056 3452 lactc
1072 3407 1217 3454 summam

180 3510 285 3556 rerum
310 3493 351 3555 ibi
379 3500 492 3555 tenent.
530 3491 709 3553 Novissimis
738 3491 926 3573 temporibus
948 3491 1109 3572 aliquando
1136 3493 1221 3555 aliud.

180 3595 293 3663 iactum
310 3616 380 3660 esse
396 3597 544 3659 nevimus.
561 3594 645 3656 Licet
660 3593 762 3673 aliquo
780 3613 847 3656 curn
864 3595 977 3676 populo
993 3595 1074 3658 nulla
1088 3595 1128 3658 sit
1137 3597 1218 3678 juris

181 3702 313 3771 societas
325 3709 356 3764 et
363 3704 442 3784 Juris
451 3703 584 3783 gentium
595 3699 836 3776 communicatio
853 3707 1025 3762 nontamen
1040 3700 1216 3762 necessario

180 3805 210 3868 ei
229 3804 342 3869 bellum
363 3804 555 3870 inferendum
577 3811 639 3878 est3
670 3801 727 3864 sed
747 3820 805 3882 prc
827 3803 976 3864 solitaria
997 3809 1090 3885 gente
1111 3802 1220 3864 haberi

181 3908 289 3987 debet,
312 3928 391 3989 quae
412 3909 449 3970 ab
472 3909 538 3971 aliis
554 3907 725 3971 civitatibus
745 3907 905 3988 ignoratur
926 3915 958 3968 et
971 3907 1057 3987 quasi
1072 3924 1130 3969 non
1147 3923 1220 3984 esse¹

181 4023 337 4102 censetur,
361 4015 480 4097 etiamsi
495 4014 626 4078 fortasse
642 4011 770 4094 singulis
786 4010 958 4074 bominibus
975 4011 1011 4074 ab
1029 4028 1066 4074 ec
1081 4011 1217 4074 oriundis

176 4121 248 4203 jura
264 4121 295 4183 in
311 4120 371 4182 illis
387 4119 558 4183 civitatibus
574 4119 751 4181 tribuantur.

224 4240 404 4292 Warnkcntg,
419 4238 563 4293 philomini-ta
571 4238 610 4279 lin.
624 4237 658 4279 ed.
668 4238 688 4277 ἰ.
964 4219 1005 4286 12
