3109 5292
646 593 708 664 131

163 775 230 838 vari
244 782 299 837 ant
312 793 433 856 poenae
448 777 559 858 qratia
576 784 627 839 aut
640 777 721 857 quod
737 775 934 857 quarumdam
951 792 1054 839 rerum
1070 775 1197 838 dominia

161 881 297 942 nonnisi
317 881 527 962 aquibnsdam
547 899 746 962 personarum
767 880 935 962 generibus
957 880 1072 961 acquiri
1095 895 1198 962 posse,

160 983 311 1066 peculiari
322 986 395 1067 jure
410 993 553 1049 statutum
570 993 634 1049 est.
666 1016 668 1019 v

226 1088 265 1164 b)
288 1089 376 1162 Quod
391 1090 431 1153 ad
448 1108 502 1153 res
514 1091 635 1168 attinet,
656 1095 775 1152 certum
796 1098 859 1168 est,
881 1106 951 1167 eas,
972 1107 1100 1170 quarum
1121 1105 1199 1169 pos-

160 1193 260 1256 sessio
271 1211 288 1254 a
301 1193 515 1274 nullo‘acquiri
527 1201 639 1276 potest,
650 1212 709 1255 nec
720 1194 751 1256 in
763 1194 856 1258 ullius
867 1194 998 1256 dominio
1012 1211 1083 1257 esse
1097 1211 1199 1275 posse,

160 1295 235 1358 licet
249 1314 323 1375 eae,
337 1304 371 1360 ut
386 1299 554 1360 communia
570 1299 717 1376 omnium,
734 1299 766 1360 in
782 1299 914 1361 omnium
929 1315 988 1361 usu
1004 1299 1078 1378 siut,
1101 1296 1200 1379 qualis

162 1408 210 1463 est
224 1404 290 1479 aar,
306 1420 383 1482 aqua
399 1402 565 1483 profluens,
582 1421 667 1465 mare
683 1411 714 1464 et
729 1403 812 1465 littus
829 1403 921 1465 maris
932 1401 972 1476 1).
1005 1401 1051 1463 De
1068 1401 1199 1464 dominio

160 1507 253 1568 muris
268 1507 349 1569 iuter
360 1507 611 1589 jurisconsultos,
634 1508 685 1587 qui
702 1507 741 1570 ‹le
753 1508 825 1589 jure
841 1507 975 1590 gentium
996 1507 1200 1588 scripserunt,

162 1611 286 1674 multum
301 1611 483 1693 disputatum
503 1620 558 1674 est
595 1612 716 1674 Partem
736 1613 828 1673 maris
850 1628 908 1692 per
928 1611 1057 1693 populus
1073 1608 1201 1674 navibus

160 1721 303 1796 potentes
324 1732 417 1797 posse
436 1716 600 1798 occupari,
622 1717 642 1778 l.
658 1734 687 1778 e.
708 1716 746 1778 ab
767 1715 893 1778 aliarum
908 1715 1044 1798 gerulum
1064 1731 1123 1777 usu
1140 1732 1201 1775 ex-

25 1883 39 1908 ·
161 1817 254 1897 cludi,
269 1827 301 1881 et
315 1818 453 1901 singulos
468 1820 498 1880 in
514 1819 614 1900 aliqua
634 1820 727 1882 maris
743 1827 830 1901 parte
852 1817 1017 1882 dominium
1033 1835 1127 1900 posse
1143 1819 1201 1882 ba-

161 1921 249 2001 bere,
262 1923 316 1985 vix
328 1939 459 1985 neeesse
473 1931 521 1986 est
533 1931 568 1986 ut
579 1941 763 1986 moneamus.
790 1922 939 1986 Universa
956 1922 994 1985 dc
1010 1923 1086 1986 mari
1102 1923 1200 1985 libero

161 2027 299 2106 quaestio
313 2043 373 2089 non
389 2027 500 2108 privati
520 2027 576 2089 sed
598 2027 711 2109 publici
731 2028 867 2108 gentium
884 2029 963 2110 juris
984 2028 1121 2108 quaestio
1144 2035 1200 2105 est,

162 2137 195 2193 et
217 2131 298 2194 ieter
319 2148 427 2194 omnes
450 2131 582 2212 populos
609 2139 757 2193 terrarum
789 2131 895 2194 orbem
919 2132 1119 2194 inhabitantes
1139 2132 1202 2212 jam

161 2236 309 2298 convenit
324 2254 408 2298 mare
428 2236 558 2298 liberum
575 2253 662 2315 esse,
683 2237 701 2298 i.
718 2253 744 2298 e.
764 2235 795 2297 in
816 2237 890 2298 mari
915 2235 1078 2317 navigandi
1102 2234 1202 2296 licen-

161 2339 234 2400 tiam
257 2340 396 2403 omnibus
417 2349 609 2422 competere3
633 2341 715 2422 quod
740 2347 840 2403 tamen
865 2359 926 2403 uon
947 2341 1090 2422 impedit,
1120 2356 1201 2421 quo-

162 2442 262 2505 minus
283 2443 313 2505 in
333 2443 515 2524 quibusdam
536 2446 628 2507 maris
650 2444 789 2525 partibus
813 2461 873 2506 non
896 2443 1034 2508 omnibus
1055 2445 1201 2526 navigare

161 2547 364 2628 permittatur.

229 2650 444 2734 llespulrlicas,
468 2651 489 2714 i.
504 2671 532 2714 e.
554 2670 635 2732 quae
657 2652 687 2714 in
709 2651 843 2714 dominio
867 2651 994 2733 alicujus
1019 2651 1147 2714 civitatis
1171 2651 1201 2712 ln

162 2773 222 2819 usu
234 2775 312 2821 vero
328 2759 461 2821 omnium
476 2765 562 2836 sunt,
577 2765 612 2820 ut
625 2757 747 2820 flumina
763 2757 896 2840 publica,
912 2757 980 2820 viae
996 2753 1135 2836 publicae
1151 2761 1201 2816 aut

162 2858 231 2922 loca
246 2861 377 2943 publica,
391 2863 423 2924 in
435 2861 626 2945 singulorum
640 2862 773 2925 dominio
790 2879 861 2924 esse
877 2863 948 2944 jure
964 2860 1046 2923 cirili
1061 2857 1201 2940 impediri

162 2964 224 3028 bac
239 2965 309 3028 loco
324 2982 382 3028 nos
398 2982 651 3029 commemorasse
667 2969 741 3031 satis
757 2968 805 3030 sit.
1175 2968 1177 2972 ’

232 3067 303 3132 103.
326 3069 438 3132 Rerum
451 3071 690 3153 incorporalium
704 3070 844 3150 dominia,
857 3089 935 3152 quae
945 3079 1104 3149 vocantur,
1118 3070 1202 3152 legi·

162 3170 220 3235 bus
243 3173 482 3252 constituuntur,
504 3193 583 3255 quae
604 3175 800 3239 securitatem
815 3181 972 3254 praestant
990 3175 1201 3255 quaestuariae

163 3275 298 3339 utilitatis
314 3279 514 3360 exoperibus
530 3278 652 3361 scriptis
673 3279 780 3343 aliisve
799 3280 908 3342 mentis
924 3277 1202 3343 elucubrationibus

161 3379 341 3462 capiendae.
373 3380 449 3445 Sunt
464 3402 501 3445 ea
516 3383 627 3446 haeo:·

230 3488 267 3560 a)
289 3485 344 3549 lus
367 3487 499 3549 auctoris
519 3487 648 3570 aliquus
670 3487 740 3549 libri
765 3487 803 3549 ab
828 3504 866 3549 eo
887 3486 937 3548 vel
959 3489 1026 3570 eJ'us
1045 3487 1202 3550 voluntate

83 3598 89 3610 ’
164 3589 253 3668 editi,
269 3588 461 3671 probibendi,
477 3607 516 3652 ne
533 3589 584 3654 alii
598 3591 683 3655 illum
698 3591 779 3672 typis
796 3591 948 3654 excutiant
964 3600 994 3654 et
1010 3590 1156 3667 vendant,
1173 3597 1203 3652 et

164 3693 203 3756 ab
222 3695 275 3773 iis,
298 3696 350 3776 qui
369 3695 428 3755 bec
447 3693 595 3771 iecerint,
617 3692 714 3754 damni
735 3693 806 3755 inde
828 3695 857 3756 ei
878 3693 959 3756 allati
982 3692 1202 3755 restitutionem

164 3798 298 3879 mendi.
340 3797 421 3861 Ante
442 3799 593 3860 inventam
617 3797 869 3878 typographicam
890 3805 984 3859 artem
1007 3795 1095 3876 hujus
1112 3795 1202 3878 juris,

165 3899 247 3983 quod
264 3899 378 3964 Gallice
393 3904 478 3963 droit
492 3907 530 3962 ue
546 3902 643 3978 copie,
659 3899 790 3984 Anglicc
802 3897 1008 3982 Copyrigbt
1018 3897 1049 3974 ²)
1066 3907 1202 3980 vocatur,

220 4057 246 4123 1)
265 4059 289 4118 9.
305 4059 390 4106 1-4.
408 4057 436 4107 J.
449 4056 484 4104 11.
500 4058 522 4104 1.
542 4053 586 4120 (de
598 4070 647 4104 rer.
661 4053 750 4120 divis.)

218 4143 247 4210 2)
265 4143 418 4194 Novissima
436 4142 538 4208 scripta
555 4140 588 4191 de
606 4136 658 4192 hoc
676 4145 833 4207 argumento
850 4139 1022 4208 publicavere
1037 4139 1069 4189 A.
1087 4137 1134 4190 Cb.
1150 4139 1203 4190 Re·
1264 4181 1271 4189 .

164 4230 299 4294 uoueri,
315 4228 404 4280 italae
414 4225 689 4280 mendacemiam.
707 4227 783 4279 Paris
797 4227 946 4290 18as-a93
964 4225 983 4277 J
988 4225 1029 4277 ul.
1042 4225 1061 4277 J
1066 4225 1141 4292 clip,
1153 4223 1205 4276 Die

369 4323 389 4352 0

938 4313 992 4377 9st
