3109 5292
833 553 897 623 12³

345 732 542 818 prtediorum
565 736 691 798 censum
716 742 749 797 et
770 733 919 800 {audemia
941 733 1103 813 soluendo,
1131 741 1183 798 sut
1205 731 1263 800 siis
1288 753 1383 802 onere

345 841 543 919 sustinendo,
575 824 611 904 nt
631 843 788 902 direetm
817 857 923 903 eorum
953 837 1105 903 dominum
1128 849 1315 922 agnoscunt,
1346 842 1383 906 ad

345 962 450 1026 quem
472 943 606 1008 dominio
627 944 694 1006 otiii
712 961 893 1026 quacunque
913 961 1007 1008 eausa
1028 945 1161 1008 extincto
1184 945 1274 1026 plena
1296 948 1328 1009 in
1347 963 1383 1008 re

346 1055 484 1130 potestas
498 1049 565 1131 ipso
576 1050 647 1131 jure
662 1049 836 1112 revertitur.
852 1052 900 1123 (ς.
917 1045 989 1122 97.)

412 1153 451 1229 b)
473 1152 590 1226 Quodsi
600 1155 653 1236 jus
666 1152 773 1215 utendi
789 1151 970 1233 fruendique
986 1153 1070 1216 salva
1086 1154 1134 1216 rei
1148 1154 1317 1218 substantia
1332 1156 1382 1218 uni

346 1265 459 1321 tantum
473 1275 627 1350 personare
641 1257 679 1320 ad
694 1257 776 1321 vitae
792 1273 867 1321 suae
883 1264 1002 1338 tempus
1015 1258 1202 1336 conceditur,
1218 1259 1383 1323 ususfruc-

346 1370 406 1442 tus,
421 1363 560 1426 sisoium
574 1363 678 1427 utendi
693 1361 880 1426 iacuitaseiii
889 1362 1080 1444 permittitur,
1098 1379 1171 1426 usus
1182 1355 1383 1428 constituitur.

413 1472 449 1542 c)
471 1466 600 1542 Quando
621 1485 698 1530 vero
713 1468 841 1549 praedio
857 1467 946 1531 alicui
967 1469 998 1531 in
1013 1465 1140 1530 atterius
1161 1465 1279 1551 praedii
1299 1467 1383 1531 utili·

347 1581 440 1636 tatem
459 1590 538 1636 onus
556 1573 730 1653 imponitur,
753 1574 839 1654 eujus
859 1573 889 1634 vi
911 1571 1048 1634 dominus
1070 1571 1181 1653 aliquid
1200 1575 1233 1636 in
1247 1591 1304 1636 suo
1324 1573 1385 1654 pati

347 1677 399 1741 vei
413 1693 475 1740 non
489 1676 593 1740 faeere
607 1683 744 1755 tenetur,
766 1677 798 1739 in
814 1677 941 1740 atterius
955 1676 1075 1756 praedii
1090 1678 1282 1758 possessoris
1298 1695 1383 1740 oom-

286 1776 288 1779 ’
347 1779 469 1844 modum
483 1781 687 1857 premiorum
701 1781 838 1841 unitus
855 1781 1014 1844 constituta
1029 1780 1152 1858 dicitur,
1172 1783 1260 1864 cnjus
1280 1799 1318 1844 ea
1339 1789 1385 1844 ast

347 1892 473 1962 ustura,
494 1891 529 1948 ut
548 1882 658 1946 fundus
679 1883 773 1947 tundo
795 1886 915 1948 servire
929 1885 1071 1948 videatur
1077 1905 1086 1960 ;
1117 1885 1185 1948 sive
1199 1886 1384 1948 urbanorum

349 1989 547 2073 proediorum
561 1988 622 2051 sint
632 1990 704 2071 jura
718 1988 813 2052 vetuti
830 1990 933 2053 oneris
949 1987 1084 2068 serendi,
1108 1990 1182 2072 tigni
1198 1989 1384 2068 immittendi,

348 2094 438 2157 altius
453 2111 514 2155 non
530 2092 666 2179 tollendi,
687 2101 720 2157 et
734 2095 892 2156 innumera
909 2095 976 2173 alia,
998 2095 1064 2158 sive
1080 2095 1275 2176 prsediorum
1291 2097 1383 2159 rusti-

347 2215 471 2273 corum,
495 2204 530 2261 ut
539 2199 594 2279 jus
607 2198 736 2276 itineris,
759 2199 861 2276 amas,
893 2200 974 2278 viae,
997 2199 1220 2280 aquaeductus,
1251 2208 1382 2264 caetera.

348 2301 488 2366 Omnium
507 2301 615 2364 harum
629 2304 811 2367 servitutum
828 2304 918 2367 sicuti
933 2302 1126 2366 ususfructus
1142 2311 1174 2367 et
1189 2321 1280 2382 usus,
1296 2321 1383 2385 ‚quse

347 2405 529 2487 personales
537 2406 704 2469 servitutes
712 2407 871 2486 dicuntur,
886 2409 934 2470 vis
943 2415 1032 2489 atque
1042 2407 1384 2472 maturasceurdtissime

347 2511 380 2574 in
397 2511 471 2593 jare
492 2527 618 2574 romano
639 2511 793 2594 descripta
816 2521 849 2576 et
872 2511 993 2576 deiinitn
1014 2521 1078 2591 est,
1093 2511 1256 2594 ,hodieque
1277 2510 1383 2576 eadem

348 2613 418 2678 iere
431 2615 559 2693 ratione,
575 2633 665 2696 mam
679 2617 760 2698 apud
776 2617 929 2681 Romanos
944 2615 1102 2700 dijudiesri
1118 2617 1205 2680 solet

415 2720 455 2796 d)
477 2719 583 2784 Soient
600 2720 681 2784 inter
695 2723 769 2804 jura
789 2723 820 2786 in
840 2739 877 2783 re
892 2721 990 2784 atiena
1010 2721 1190 2804 pierumque
1206 2728 1238 2785 et
1252 2738 1291 2784 es
1305 2719 1384 2802 apud

348 2826 481 2909 populos
495 2827 691 2909 germanicae
706 2829 811 2910 stirpis
831 2834 956 2908 recepta
977 2827 1159 2908 computari,
1189 2843 1269 2908 quae
1285 2841 1383 2888 omas

347 2932 453 2992 reati«
472 2931 679 3013 appellantur,
702 2933 787 2995 vetut
807 2931 939 2995 decimas
960 2931 1010 2994 vei
1034 2949 1175 3010 censum,
1202 2931 1253 2994 vei
1273 2947 1385 3014 operas

349 3035 529 3098 sordidare
551 3034 687 3114 quolibet
709 3036 839 3120 ancujus
861 3036 977 3118 praedii
1001 3053 1183 3116 possessore
1209 3033 1385 3117 praestandi

348 3138 525 3201 necessitas
544 3137 606 3201 Sed
621 3139 727 3202 verior
742 3148 790 3204 est
806 3159 912 3205 eorum
924 3141 1210 3224 jurisconsultorum
1222 3141 1385 3220 sententis,

347 3243 400 3326 qni
415 3243 600 3322 existimant,
616 3243 693 3308 haee
708 3247 829 3309 nonnisi
843 3246 1043 3328 obligationes
1058 3263 1143 3322 esse,
1156 3245 1271 3327 quibus
1287 3263 1384 3328 praa·

349 3347 391 3412 dii
405 3348 523 3411 onerati
537 3365 735 3429 possessores
751 3351 801 3413 aiii
818 3358 960 3414 tenentur
970 3350 1005 3427 ¹).

416 3457 453 3527 e)
476 3453 578 3514 Potest
592 3452 724 3534 denique
738 3453 805 3537 ipsa
819 3455 943 3518 dominii
959 3456 1055 3518 nostri
1070 3473 1138 3518 curn
1151 3457 1222 3537 jure
1238 3456 1385 3537 proprie-

348 3558 419 3621 tatis
434 3556 586 3620 alienandi
601 3565 737 3638 potestas
752 3561 842 3623 alteri
856 3560 991 3639 cenredi,
1012 3559 1120 3640 quodsi
1136 3577 1173 3622 ea
1190 3558 1339 3623 creditori
1355 3559 1385 3620 in

350 3661 459 3726 crediti
473 3662 523 3726 sui
537 3661 735 3728 securitatem
751 3665 948 3746 permittitur,
968 3667 1164 3742 hypothecae
1176 3663 1228 3727 vei
1242 3666 1385 3740 atamen

406 3837 431 3904 1)
449 3837 565 3888 Multum
576 3838 709 3906 hodieque
722 3841 754 3892 da
764 3857 827 3894 vera
834 3857 940 3892 umerum
950 3839 1059 3892 realium
1069 3848 1164 3896 nutura
1176 3844 1244 3894 inter
1252 3844 1387 3908 juriscon-

351 3921 436 3975 sultos
446 3925 602 3977 Germaniae
613 3927 770 3993 disputatur.
790 3929 955 3979 Assentimus
967 3930 992 3979 ei
1004 3929 1140 3980 doetrinae
1151 3946 1229 3994 quem
1241 3931 1388 3981 novissime

350 4011 404 4061 viri
414 4011 575 4076 doctissimi,
594 4013 715 4065 Gerber
726 4013 875 4080 (Demades
886 4014 1058 4082 Priucmecdt,
1074 4019 1150 4068 185³.
1162 4019 1185 4080 ὅ.
1198 4018 1348 4084 lor-luo)
1362 4025 1389 4069 et

351 4096 476 4240 tWalter
490 4097 602 4167 (Sputum
615 4099 660 4153 des
674 4099 811 4154 deuteedsm
825 4102 998 4158 Peumata
1018 4107 1095 4174 1854,
1114 4107 1137 4170 5.
1158 4106 1308 4176 rso-186)
1326 4119 1388 4174 pro-

362 4186 416 4238 essi
430 4191 502 4240 sunt.
