3109 5292
325 700 378 782 let,
399 709 431 766 et
444 711 516 772 raro
532 699 706 766 sublimiora
721 699 772 762 illa
784 699 859 780 justi
873 703 1042 780 praecepta·
1057 703 1218 778 sennaser,
1238 713 1318 779 qnae
1331 698 1367 761 ia

326 806 570 889 philosophorum
586 803 673 867 libris
688 821 705 868 a
721 803 880 886 religionis
895 802 1026 883 alicuius
1045 799 1255 866 conditoribus
1275 819 1364 866 cooa-

326 909 506 991 probantur:
529 909 670 988 sequitur
686 907 776 970 civile
787 908 839 989 jus
854 921 947 986 saepe
962 925 981 969 a
994 905 1135 988 genuina
1140 904 1216 988 justi
1229 904 1364 987 imagine

327 1012 490 1094 plurimum
506 1010 630 1074 distare.

393 1115 534 1192 Accedit,
557 1115 639 1196 quod
662 1114 809 1178 universa
833 1111 932 1195 aliqua
955 1113 1037 1176 natio
1057 1129 1120 1175 non
1143 1110 1233 1175 iacsse
1254 1118 1365 1177 cuncta

327 1221 446 1282 virtutis
462 1218 564 1282 officia
580 1226 686 1281 sancte
701 1219 814 1300 pieque
830 1218 935 1280 colere
950 1215 1042 1294 solet,
1057 1223 1089 1278 et
1103 1223 1230 1298 propter
1245 1233 1365 1278 morum

328 1323 474 1386 feritatem
490 1329 540 1386 aut
555 1322 720 1403 potentium
736 1320 967 1384 dominationem
982 1319 1076 1382 multa
1091 1320 1189 1383 minas
1204 1318 1366 1384 laudabilia

328 1428 359 1488 in
374 1427 545 1490 civitatibus
561 1425 791 1489 constituuntur.

392 1529 480 1594 Licet
494 1530 587 1611 igilur
601 1529 722 1591 nonnisi
738 1545 798 1590 una
813 1528 854 1590 sit
863 1527 939 1608 justi
954 1534 1076 1604 natura,
1095 1534 1197 1589 tamen
1216 1525 1263 1603 id,
1284 1526 1368 1606 qnod

331 1635 465 1698 ciuiliter
476 1635 591 1714 justum
607 1639 665 1709 est,
681 1633 718 1695 ab
735 1649 784 1710 eo,
806 1630 890 1712 quod
905 1633 1006 1692 otniae
1017 1633 1132 1712 justum
1146 1648 1218 1694 esse
1232 1629 1367 1707 ridetur,

233 1772 235 1776 v
330 1755 424 1818 saepe
448 1735 576 1798 recedit.
613 1735 714 1799 Facile
734 1736 806 1798 inde
829 1735 1003 1816 explicetur
1025 1751 1088 1798 nou
1109 1751 1182 1798 raro
1206 1735 1371 1813 utriusque

330 1841 455 1924 generis
470 1839 642 1902 discrimen.
1127 1863 1130 1866 ⁴

397 1943 448 2006 59.
472 1944 558 2017 Quae
574 1961 666 2023 quum
681 1944 722 2005 ita
738 1942 808 2019 sint,
823 1941 930 2023 quaeri
946 1949 1061 2024 potest:
1081 1961 1119 2004 ao
1136 1941 1273 2003 civiliter
1283 1942 1367 2022 josto

331 2049 350 2110 i.
366 2065 395 2110 e.
406 2047 470 2129 juri
485 2046 565 2127 apud
582 2045 711 2126 aliquem
727 2046 872 2128 populum
887 2047 1052 2110 constituto
1072 2063 1194 2127 semper
1214 2043 1368 2108 obedien-

333 2151 403 2214 dum
419 2151 468 2228 sit,
485 2150 602 2214 etiamsi
618 2151 685 2230 ejus
702 2159 868 2231 praecepta
884 2151 971 2214 nobis
987 2151 1097 2231 injusta
1112 2159 1165 2212 aut
1176 2150 1281 2230 iniqua
1297 2165 1369 2212 esse

333 2251 512 2315 uideantur?
536 2252 618 2314 llanc
640 2254 848 2336 quaestionem
871 2255 992 2318 omnino
1011 2257 1146 2330 sermono
1166 2271 1253 2330 esse,
1277 2251 1368 2314 facile

334 2363 381 2420 eet
395 2355 562 2418 intellectu.
600 2353 810 2420 certissimum
825 2359 920 2436 enim,
942 2376 1029 2436 oum,
1052 2359 1106 2438 qui
1125 2358 1259 2420 eludatis
1279 2355 1369 2436 lepos

332 2458 486 2541 infringit,
509 2459 614 2539 poenis
636 2475 692 2540 per
708 2477 775 2523 eam
795 2462 913 2526 statutis
929 2479 1001 2524 esse
1015 2461 1217 2543 puniendum,
1239 2458 1369 2534 etiamsi,

332 2561 435 2624 ittteita
451 2562 570 2624 actione
585 2562 655 2641 sud,
677 2563 808 2628 fortasse
829 2565 1017 2628 sanctissimo
1032 2564 1135 2628 officio
1149 2563 1224 2626 inde
1242 2560 1369 2626 satisfa-

294 2702 295 2705 =
333 2664 1371 2750 ceresedehereerediderit,quodmultisoxemplisprobaripotost¹

266 2774 271 2788 '
332 2770 428 2834 ueluti
442 2769 589 2846 Socratis,
613 2769 706 2831 divini
720 2769 900 2835 christianae
916 2771 1091 2853 disciplinae
1106 2770 1273 2833 mediteris
1288 2769 1370 2832 alio-

332 2890 468 2954 rumque.
503 2871 564 2936 Sed
580 2874 630 2952 qui
645 2873 870 2936 sublimioribus
885 2875 1000 2937 ethices
1015 2875 1180 2937 rationibus
1195 2872 1303 2936 duetus
1318 2869 1370 2933 rel

333 2977 472 3064 veritatis
488 2975 587 3040 studio
604 2983 703 3038 motus
718 2975 749 3037 id
764 2976 884 3054 fecerit,
900 2994 969 3039 eum
985 2985 1166 3058 martyrem,
1186 2975 1369 3039 acescele-

332 3087 429 3142 ratum
444 3079 667 3160 praedicamus.
705 3077 788 3142 Idem
802 3079 930 3144 dicimus
945 3079 985 3142 de
1000 3081 1048 3159 iis,
1063 3083 1114 3162 qui
1129 3080 1247 3162 patriae
1262 3097 1370 3143 amore

333 3200 443 3264 pravas
459 3183 509 3244 vel
525 3181 641 3261 iniquas
662 3181 750 3264 leges
766 3191 909 3246 evertere
924 3193 956 3246 et
971 3185 1188 3266 perfectiorem
1202 3185 1249 3246 rei
1264 3185 1371 3265 publi-

334 3304 390 3348 cae
413 3293 521 3348 statum
543 3287 574 3349 vi
595 3286 707 3347 armata
729 3289 914 3350 constituere
934 3288 1048 3350 frustra
1071 3295 1231 3350 tentarunt
1265 3288 1373 3350 Potest

336 3397 433 3453 autern
449 3391 542 3456 variis
558 3387 653 3452 modis
669 3389 760 3468 effici,
775 3408 815 3452 ne
831 3390 979 3472 ejusmodi
993 3391 1181 3458 calamitates
1194 3397 1370 3454 narentur.

403 3497 437 3568 a)
459 3493 576 3558 Etenim
599 3493 650 3572 qui
675 3493 848 3556 sanioribus
870 3495 946 3576 justi
968 3496 1142 3576 praeceptis
1162 3495 1268 3558 imbuti
1287 3502 1369 3573 sunt,

334 3615 439 3662 eorum
462 3596 619 3660 seientiam
640 3596 777 3660 docendo
802 3604 834 3658 et
855 3597 1018 3662 scribendo
1041 3615 1217 3680 propagare
1239 3598 1380 3660 unirer--

334 3719 462 3782 sumque
487 3700 631 3781 populum
653 3699 692 3762 de
714 3719 822 3765 eorum
846 3701 976 3763 veritate
999 3699 1193 3782 persuadere
1215 3700 1372 3777 nudant

334 3817 397 3886 quo
420 3802 500 3867 iacto
517 3804 595 3884 juris
612 3804 710 3884 iniqui
727 3804 853 3868 mutatio
870 3812 979 3886 sponte
997 3803 1065 3867 sine
1084 3805 1273 3886 reipublicae
1292 3821 1379 3886 per-x

334 3908 507 3972 turbatione
522 3906 563 3970 tit
966 3957 969 3962 .
1114 3963 1117 3968 ,
1338 3939 1341 3945 ,

399 4012 437 4085 b)
461 4011 535 4075 Tum
551 4027 628 4075 uero
648 4012 800 4076 civitatum
816 4011 1028 4076 moderatores
1045 4020 1195 4094 perpetuo
1215 4011 1381 4088 studeant.-

335 4123 369 4180 ut
384 4115 436 4197 jus
458 4115 549 4178 civile
570 4115 742 4199 corrigatur
763 4117 966 4200 senioresque
985 4116 1076 4199 leges
1097 4115 1249 4196 ferentum
1271 4127 1380 4195 eaque:
