3109 5292
805 553 870 620 tas

321 747 403 818 tura,
425 747 460 802 ut
474 736 594 820 qnando
606 738 677 821 jara
692 735 724 798 in
737 751 775 798 re
790 733 856 798 otiis
872 734 1008 816 quaesita
1024 733 1256 818 extinguuntur,
1281 733 1358 798 iilud

318 846 385 927 ipso
396 843 470 926 jure
485 842 719 925 denuopienum
730 838 943 920 esseinoipiat,
959 839 1026 902 sive
1036 847 1146 920 sponte
1156 838 1358 923 redintegre-

319 957 385 1028 tur,
410 967 469 1011 nec
486 948 547 1011 ulla
558 948 637 1031 juris
652 947 702 1010 aiii
715 953 804 1008 antea
820 944 1020 1025 competentis
1041 943 1071 1006 in
1086 944 1280 1026 proprietatis
1296 943 1357 1006 do-

318 1055 430 1119 minnm
446 1055 624 1117 necessaria
639 1053 679 1115 sit
693 1050 854 1114 restitutio.
879 1047 936 1112 Cui
948 1055 1185 1112 consentaneam
1201 1056 1258 1127 est,
1275 1067 1356 1127 eum,

317 1162 368 1241 qui
383 1161 414 1222 in
425 1177 465 1222 re
479 1159 578 1221 atiena
594 1155 714 1238 aliquod
731 1157 783 1237 jus
805 1155 862 1216 sibi
881 1161 1058 1234 competere
1075 1154 1253 1232 contendat,
1278 1171 1357 1236 pro·-

317 1265 393 1328 ltrre
407 1264 539 1341 debere,
563 1279 599 1325 se
613 1261 688 1324 iilud
699 1263 781 1345 Justo
798 1257 887 1321 modo
904 1258 1121 1338 acquisivisse3
1145 1256 1217 1320 inde
1233 1258 1284 1320 ilia
1299 1275 1358 1340 pro

316 1369 457 1432 libertate
477 1366 601 1430 dominii
621 1366 808 1449 praesumtio
825 1366 955 1427 omnium
971 1365 1105 1447 gentium
1122 1365 1193 1447 Jure
1210 1381 1360 1446 compro·

316 1474 395 1552 bata,
411 1480 443 1535 et
456 1474 623 1546 uenatorio
640 1471 720 1534 actio
734 1475 832 1551 (quae
849 1469 977 1542 dicitur)
993 1469 1074 1531 omni
1090 1467 1227 1547 domino,
1248 1476 1355 1531 contra

316 1593 561 1658 unumquemque
575 1583 763 1658 competens,
779 1575 829 1655 qui
846 1574 940 1636 invito
956 1589 995 1634 eo
1011 1571 1050 1635 de
1062 1589 1102 1634 re
1119 1589 1174 1636 sua
1189 1572 1355 1654 disponere

317 1698 394 1744 esre
415 1681 462 1742 uti
482 1689 663 1762 praesumat
700 1679 845 1759 Sequitur
867 1677 955 1740 etiam
979 1695 1020 1739 ex
1043 1677 1165 1740 dominii
1187 1677 1356 1740 substantia

316 1801 382 1847 rem
397 1791 533 1846 nostram
547 1783 585 1845 ab
601 1783 662 1846 aiio
676 1782 829 1846 detentam
842 1781 1017 1845 vindicandi
1034 1791 1184 1864 potestas3
1202 1782 1256 1846 sed
1273 1783 1356 1846 mni-

316 1897 379 1953 tum
392 1887 432 1950 de
447 1906 487 1951 eo
506 1887 660 1969 disputant
674 1888 754 1970 juris
774 1887 920 1949 naturalis
936 1889 1123 1969 scriptores:
1148 1904 1186 1949 an
1207 1905 1243 1950 ea
1265 1887 1355 1966 actio,

316 2009 394 2075 quae
415 1992 578 2055 vindicatio
600 1992 646 2054 rei
666 1999 810 2069 vocatur,
840 1992 968 2054 naturali
988 1994 1070 2074 juris
1090 1992 1208 2056 ratione
1230 1993 1354 2070 nitatur,

315 2117 373 2161 nec
393 2071 455 2160 nei
490 2096 612 2159 Minime
633 2103 731 2158 autem
752 2095 918 2186 dubitatum
940 2105 1003 2174 cst,
1028 2114 1085 2160 nos
1106 2115 1159 2159 res
1178 2105 1297 2160 nostras
1317 2097 1355 2159 ab

316 2201 397 2266 omni
416 2199 513 2264 noae
532 2200 604 2262 {idai
620 2217 724 2262 earum
740 2217 926 2282 possessore
942 2200 1114 2264 vindicandi
1130 2208 1279 2283 potestate
1294 2200 1355 2264 isui

315 2305 449 2379 deterap
476 2321 545 2366 curu
558 2304 637 2386 juris
653 2305 752 2366 nostri
768 2321 829 2365 non
852 2304 975 2386 ignaros
994 2323 1029 2369 se
1048 2306 1160 2369 nullam
1179 2321 1232 2367 eas
1248 2306 1354 2387 possi-

315 2407 407 2471 dendi
417 2407 589 2470 facultatem
601 2407 717 2470 habere
732 2408 854 2470 minime
871 2407 980 2492 ingiam
998 2427 1076 2493 ergo
1087 2409 1255 2493 justissime
1269 2409 1354 2492 inja-

315 2522 390 2576 stanr
403 2512 482 2575 dane
496 2513 723 2594 possessionem
739 2513 777 2575 iis
794 2530 925 2576 avocere
943 2531 1116 2595 possumus.
1132 2513 1191 2578 Sed
1201 2513 1354 2580 difficilior

315 2625 364 2693 est
381 2618 536 2700 quaestio:
561 2626 662 2681 utrum
678 2617 725 2680 rei
734 2617 906 2680 -vindicatio
930 2635 986 2681 sua
1008 2626 1115 2681 natura
1130 2625 1236 2682 eontra
1255 2618 1355 2682 bonae.

314 2722 387 2786 iidei
398 2739 522 2804 quoque
536 2739 749 2803 possessorem
764 2723 796 2783 in
811 2722 947 2786 omnibus
963 2723 1091 2787 casibus
1106 2721 1205 2786 danda
1221 2724 1270 2802 sit,
1284 2725 1355 2805 quia

314 2829 366 2910 qui
388 2827 478 2890 alieni
493 2827 572 2909 juris
592 2827 713 2889 minime
732 2845 849 2910 gnarus
869 2845 935 2889 rem
963 2828 1020 2890 sibi
1036 2830 1259 2910 comparaverit
1274 2830 1353 2892 omni

315 2933 531 3014 cuipavaouus
544 2949 616 2994 esse
627 2930 778 2994 videatur.
796 2932 926 2994 Donatm
942 2932 1064 3012 quidem
1081 2933 1120 2994 ab
1135 2940 1285 2995 extraneo
1302 2950 1354 2995 res

315 3044 435 3100 neuras
445 3035 483 3098 ab
498 3053 603 3098 earum
618 3051 801 3116 possessore
817 3036 964 3100 vindicari
980 3055 1074 3119 posse
1090 3037 1202 3100 nemini
1217 3037 1351 3118 iriquum

314 3138 475 3203 videditur.
490 3139 550 3203 Sed
566 3157 606 3201 an
620 3138 700 3201 idem
716 3139 878 3204 dicendum
894 3142 943 3220 sit,
960 3143 985 3204 si
1003 3142 1080 3204 alius
1096 3142 1175 3204 bona
1191 3140 1250 3203 fide
1264 3142 1351 3206 titulo

315 3260 523 3307 onerosorem
533 3251 667 3306 nostram
684 3246 872 3326 acquisierit,
888 3245 994 3334 merito
1009 3248 1168 3328 quaeritur
1178 3246 1216 3322 1).
1233 3246 1352 3310 Distin-

316 3347 467 3433 guendum
481 3356 582 3411 autem
597 3348 734 3428 videtur,
749 3358 849 3414 utrum
866 3368 918 3413 res
935 3360 1037 3414 nostra
1053 3351 1121 3414 talis
1136 3353 1190 3431 sit,
1207 3369 1287 3433 quae
1303 3351 1351 3414 ia·

315 3453 375 3516 ciie
390 3452 427 3516 ab
442 3452 500 3514 alia
515 3454 653 3535 ejusdem
668 3456 795 3536 generis
810 3473 845 3516 re
861 3453 1001 3538 dignosci
1017 3456 1123 3536 possit,
1147 3463 1178 3518 et
1193 3472 1231 3518 an
1248 3473 1352 3520 aarum

315 3574 579 3634 rennuentem,
603 3574 681 3638 quae
699 3565 732 3622 ut
746 3558 827 3640 apud
844 3558 994 3622 Romanos
1010 3575 1063 3621 res
1081 3561 1208 3642 mancipi
1224 3567 1256 3621 et
1271 3558 1352 3642 apud

315 3678 371 3726 nos
385 3662 519 3744 praedia
526 3680 586 3724 non
605 3663 664 3724 nisi
678 3663 798 3726 solenni
819 3663 910 3726 modo
925 3664 956 3726 in
971 3663 1046 3725 alios
1062 3663 1226 3726 transferri
1241 3665 1351 3741 soient,

315 3785 353 3829 an
373 3775 479 3830 contra
499 3767 558 3832 alia
576 3767 616 3828 sit
637 3769 685 3829 rei
705 3787 722 3831 a
742 3769 841 3830 bonae
864 3768 934 3832 fidei
960 3783 1144 3850 possessore
1162 3775 1352 3850 comparatae

315 3869 465 3951 qualitas?
501 3869 534 3931 ln
558 3870 656 3951 priori
678 3889 836 3936 oasunon
862 3873 1042 3955 denegando
1068 3889 1139 3936 esse
1163 3872 1284 3937 videtur
1306 3873 1350 3936 rei

372 4024 396 4089 1)
414 4024 462 4074 Ha
467 4042 518 4090 go,
537 4027 696 4076 Naturreoht
708 4029 731 4088 ς.
741 4029 882 4077 aot-269
895 4025 1017 4077 Jourdan
1030 4029 1058 4076 in
1071 4027 1192 4077 Themidi
1206 4027 1351 4078 Parisiensi

315 4109 392 4159 clv.
405 4125 431 4174 p.
444 4111 460 4158 5
473 4127 528 4176 seq.
540 4111 647 4162 Belloi
660 4112 723 4163 ibid.
737 4113 783 4162 IX.
796 4129 822 4179 p.
839 4117 932 4165 1—31.
957 4113 1004 4165 ch.
1021 4115 1050 4163 P.
1071 4113 1196 4179 Cooper
1214 4127 1287 4179 upon
1302 4114 1350 4164 tte-

315 4195 475 4261 ςιιιιιιίιιιι.Δ
