3109 5292
665 555 709 625 63

169 737 353 802 nenessitute
369 737 530 800 exsistunt:
546 755 614 798 nun
628 737 668 799 itu
684 735 873 800 voluntatem
884 741 1020 798 ηοειιιιιι
1033 741 1157 819 regunt,
1171 741 1207 798 ut

168 843 290 908 nonnisi
306 841 343 906 ud
359 859 396 904 ee
411 839 554 924 eligenda
574 841 780 921 impellamur,
800 858 881 921 quse
895 839 1077 922 appetitibus
1093 857 1130 902 uo
1145 838 1205 902 de·

168 947 291 1012 sideriis
314 955 365 1010 sut
385 947 513 1009 rationis
533 947 710 1028 praeceptis
730 945 943 1008 convenientia
964 961 1036 1008 esse
1049 951 1205 1026 putemus:

90 1135 94 1140 Ι
168 1059 356 1135 quopropter
376 1059 409 1114 et
427 1053 563 1110 moratus
583 1053 666 1122 tepeo
685 1056 844 1112 vocentur.
883 1048 982 1112 dubet
1001 1049 1082 1112 enim
1101 1048 1205 1127 homo,

168 1163 203 1220 ut
213 1158 276 1238 jem
296 1173 390 1236 supro
411 1154 557 1232 diximus,
579 1153 686 1218 iisdem
707 1152 873 1216 resistendi
888 1160 919 1214 et
934 1153 1088 1216 contrariu
1106 1150 1205 1233 perd·

169 1260 270 1324 oiendi
286 1266 468 1342 potestatem
484 1258 614 1340 ideoque
636 1258 733 1321 libero
756 1256 881 1321 arbitrio
896 1265 927 1319 et
940 1257 1080 1320 libertate
1097 1253 1205 1319 moreti

168 1363 230 1428 irui
243 1364 365 1427 dieitur.
402 1361 521 1425 ideireo
542 1361 686 1444 quidquid
705 1381 724 1424 u
744 1369 830 1424 reeta
850 1362 970 1425 ratione
989 1369 1041 1424 sut
1059 1359 1158 1423 alteo
1172 1366 1206 1422 ut

168 1468 330 1531 honestum
347 1475 378 1530 et
393 1485 451 1549 per
465 1484 501 1530 se
516 1467 627 1530 bonum
642 1484 678 1529 ro
690 1467 804 1549 justum
820 1465 1025 1546 praecipitur,
1043 1464 1075 1527 id
1089 1463 1205 1525 moreti

166 1573 186 1634 i.
203 1591 231 1634 e.
252 1571 342 1635 odioii
356 1571 546 1632 necessitate
562 1578 674 1633 tantum
692 1571 834 1652 iubetur3
853 1569 924 1632 iude
939 1570 1076 1633 nuscitur
1089 1577 1122 1632 et
1136 1569 1204 1632 uir·

167 1677 241 1739 tutis
256 1677 351 1755 notio,
367 1693 445 1757 quoe
462 1675 528 1738 sine
540 1675 648 1738 morali
663 1674 714 1736 iilo
726 1674 868 1738 libertate
882 1691 922 1736 ne
937 1674 1068 1757 eogitari
1082 1671 1203 1755 quidem

167 1787 277 1862 potest
632 1815 634 1820 -
1089 1837 1094 1847 .

234 1883 274 1958 2)
297 1883 414 1968 Legum
433 1883 591 1947 morutium
616 1853 663 1948 uis
687 1901 723 1946 oo
747 1889 884 1966 potestus
906 1899 967 1944 non
988 1881 1089 1946 sotum
1109 1880 1141 1943 in
1163 1897 1204 1944 eo

168 1990 319 2067 consistit,
342 1996 376 2052 ut
395 1988 530 2071 singulos
551 1989 689 2052 homines
709 1989 739 2050 in
762 1986 939 2050 ordinandis
957 1985 1052 2049 rebus
1066 1984 1204 2048 humenis

166 2093 343 2176 gubernare
359 2092 530 2170 videantur,
551 2109 660 2154 verum
681 2093 771 2154 etiem
792 2099 827 2152 ut
841 2091 872 2152 in
892 2090 1045 2155 hominurn
1065 2106 1204 2173 oonpre-

165 2205 306 2280 gutorum
327 2196 465 2259 coetibus
487 2203 519 2258 et
537 2196 569 2257 in
590 2195 736 2258 universo
756 2195 935 2258 societatum
956 2193 1064 2256 ordine
1084 2194 1203 2256 eonsti-

165 2300 280 2364 tuendo
295 2300 457 2382 conspicuo
473 2300 520 2362 sit
544 2298 634 2362 Nultu
650 2299 728 2362 enim
743 2299 818 2362 oriri
833 2307 886 2362 out
898 2305 984 2361 sture
998 2304 1101 2380 potest
1116 2298 1203 2380 ejus-

166 2403 248 2466 modi
264 2404 467 2487 congregatio
487 2404 554 2466 sino
576 2405 726 2468 communi
741 2405 874 2468 omnium
895 2404 1079 2467 dehoneste
1094 2402 1204 2466 etutiti

167 2516 198 2572 et
208 2511 294 2590 justo
310 2511 470 2591 opinione,
493 2525 552 2590 qus
572 2525 675 2572 mores
691 2517 723 2572 et
737 2509 827 2590 teges
843 2515 875 2569 et
894 2508 995 2571 omniu
1008 2515 1069 2570 tum
1083 2507 1203 2589 privetu

167 2629 257 2694 quum
273 2613 395 2695 publicu
415 2612 550 2676 institute
570 2612 706 2676 nituntur
721 2619 753 2674 et
766 2611 933 2674 firmentur.
971 2610 1089 2674 idcireo
1109 2617 1203 2673 nutu-

166 2717 249 2780 rrles
263 2718 452 2795 nemorales,
466 2733 542 2798 quus
556 2717 767 2798 exposuimus,
781 2715 942 2778 votunutts
953 2713 1051 2798 leges,
1066 2716 1085 2777 i.
1095 2731 1123 2778 e
1138 2715 1203 2778 uti·
1247 2749 1259 2761 κ

166 2821 258 2885 litatis
272 2823 324 2884 vel
340 2840 391 2885 res
406 2829 527 2884 nostres
541 2821 579 2884 ad
595 2821 742 2902 majorem
756 2836 879 2901 semper
891 2819 1110 2900 perfectionem
1125 2834 1203 2900 per·

167 2924 298 2990 dependi
314 2925 457 3004 studium,
472 2925 716 2988 benevolentium
731 2931 762 2986 et
772 2925 920 3006 justitium
933 2941 991 3005 pro
1002 2924 1128 2988 summis
1142 2931 1203 2987 tum

166 3030 353 3113 singrdorum
369 3029 521 3093 homiuum
543 3046 634 3110 quum
657 3044 775 3092 morum
797 3028 1061 3110 institutorumque
1080 3027 1204 3111 iegibus
1339 3094 1350 3104 ,

165 3149 224 3198 nos
238 3133 353 3197 hebere
367 3149 500 3197 neeesse
517 3142 573 3198 est

568 3367 722 3421 usuum
744 3369 804 3419 11.
927 3378 935 3386 ·

364 3477 409 3550 no
428 3477 508 3569 lusti
528 3479 562 3550 et
581 3479 693 3568 injusti
713 3482 745 3552 ri
764 3479 861 3570 etque
879 3479 1004 3553 nature.

231 3645 284 3710 42.
306 3647 430 3712 litoralis
445 3648 496 3712 ills
512 3657 637 3713 numme
651 3656 777 3712 rosnae
792 3649 859 3727 iex,
877 3666 968 3730 quum
979 3647 1126 3732 justitium
1142 3663 1210 3728 ep«.

165 3750 324 3833 potuum,
340 3754 372 3817 ui
387 3760 419 3815 et
433 3760 584 3834 potestate
600 3769 657 3816 suo
672 3751 780 3816 differt
809 3753 899 3835 nego
912 3754 993 3816 enirn
1007 3754 1201 3815 iotsttsotum

164 3855 350 3937 inpellendo
367 3874 422 3920 nos
443 3857 481 3920 ud
502 3857 746 3939 investigandum
761 3855 806 3934 id,
827 3855 910 3936 quod
923 3857 953 3918 in
969 3856 1079 3919 mutuis
1099 3855 1202 3918 homi·

164 3976 234 4021 num
250 3959 330 4025 inter
345 3977 380 4022 se
395 3959 671 4024 necessitudinibus
682 3961 808 4042 justum,
823 3961 842 4022 i.
851 3978 880 4022 e.
895 3958 1075 4023 necessario
1090 3958 1201 4038 eoique

164 4061 357 4126 tribuendum
373 4063 424 4139 sit3
441 4070 473 4126 et
485 4063 588 4138 officit
604 4065 734 4127 animum
744 4063 890 4147 jucunde,
906 4082 998 4144 quum
1009 4065 1133 4146 justum,
1148 4062 1201 4125 ie-

161 4166 312 4250 juounde,
335 4185 427 4248 quum
442 4168 583 4250 injustum
604 4170 754 4234 uodonem
774 4168 961 4232 mmmmm
980 4184 1051 4231 esse
1071 4184 1200 4250 eonspe-
