3109 5292
661 526 701 594 17

166 704 304 775 doctrina
318 705 349 771 in
364 708 438 772 artis
454 706 591 773 ordinem
604 706 741 786 redacta3
764 716 826 798 tum
845 709 964 773 ratione
979 706 1058 792 apud
1073 706 1194 774 llathe·

167 813 293 884 noricos
320 815 427 880 usitata
451 815 481 876 in
507 833 615 898 magno
645 814 889 898 compendiorum
917 824 970 880 aut
999 817 1195 896 prolixiorum

67 922 69 926 ’
167 937 295 1000 operum
310 937 446 998 numero,
468 938 527 983 nec
543 921 750 1003 nonpropriis
766 921 797 984 in
812 920 1003 985 Academicis
1017 921 1195 984 lectionibus

168 1024 315 1089 illustrata
336 1032 391 1090 est.
427 1023 508 1088 Inter
529 1023 584 1088 hos
606 1041 711 1088 omnes
731 1025 859 1108 dejure
879 1028 1006 1091 naturali
1030 1029 1196 1110 scriptores

169 1149 313 1197 summam
333 1131 461 1215 gloriam
481 1132 560 1192 nacti
579 1139 648 1194 sunt
668 1131 755 1216 Ilugo
777 1131 898 1197 Grotius
920 1131 1092 1211 (†1645),
1113 1133 1141 1198 S.
1157 1132 1196 1196 de

73 1309 79 1316 ⁵
169 1235 404 1311 1011000100ῐῄι
431 1229 551 1315 1694),
579 1234 649 1301 Chr.
672 1237 850 1303 Thomasius
874 1245 915 1315 (†
940 1237 1042 1316 1728)
1071 1248 1102 1302 et
1116 1237 1196 1304 chr.

168 1340 298 1416 Wollius
318 1347 358 1418 (†
376 1339 493 1421 1714),
517 1344 630 1407 saeculi
652 1341 748 1408 XVIII
768 1345 966 1428 philosophus
985 1347 1017 1410 iu
1037 1345 1197 1409 Germania

170 1446 394 1512 celeberrimus.
417 1446 477 1512 Sed
492 1448 553 1512 alio
569 1447 657 1514 modo
672 1451 704 1529 ii,
720 1451 771 1531 qui
786 1449 988 1514 tantummodo
1003 1450 1041 1524 de
1056 1451 1197 1534 philoso-

169 1553 236 1636 phia
251 1554 359 1618 morali
375 1554 576 1636 scripserunt,
593 1555 631 1618 de
644 1557 714 1638 jure
731 1555 885 1621 disserere
900 1555 1052 1634 solebant3
1067 1575 1197 1639 namque

169 1666 301 1740 systema
327 1659 450 1741 aliquod
476 1661 555 1743 juris
579 1662 722 1726 naturalis
744 1680 807 1725 non
828 1663 1049 1744 proponebant,
1079 1662 1135 1727 sed
1158 1663 1197 1725 de

167 1771 275 1829 natura
290 1767 387 1831 solum
402 1766 566 1848 primisque
583 1769 682 1832 causis
698 1768 772 1850 justi
789 1775 820 1830 et
834 1768 951 1850 injusti,
974 1769 1105 1850 demque
1121 1787 1197 1850 qua-

169 1879 255 1936 tenus
271 1871 329 1936 hoc
343 1873 442 1955 ipsum
458 1871 494 1936 ab
510 1873 638 1951 honesto
655 1874 857 1956 discreparet,
878 1873 1076 1955 disputabant,
1097 1871 1198 1938 Grae-

169 1994 271 2042 corum
287 1979 466 2060 praesertim
483 1986 514 2042 et
528 1979 730 2044 Romanorum
745 1979 874 2063 vestigia
889 1988 1063 2062 sequentes.

234 2083 371 2166 Denique
388 2084 426 2148 de
442 2086 563 2149 summis
575 2087 654 2169 juris
665 2105 699 2149 ac
715 2086 818 2170 legum
834 2086 932 2151 causis
947 2087 1063 2168 politici
1077 2103 1206 2167 quoque.

168 2189 220 2271 qui
234 2197 390 2268 vocantur,
406 2190 573 2271 scrIptores
589 2190 815 2270 disseruerunt,
838 2209 877 2254 00
891 2192 1077 2275 potissimum
1093 2191 1198 2254 consi·

168 2295 219 2376 lio,
242 2304 277 2360 ut
290 2295 328 2360 de
349 2296 568 2379 rebuspublicis
589 2304 620 2360 et
638 2306 724 2372 recte
740 2296 957 2361 constituendIs
971 2317 1006 2361 aa
1021 2298 1100 2363 hene
1115 2297 1198 2382 guh-

169 2401 312 2468 crnandis
327 2401 497 2467 invenirent
513 2410 604 2484 atque
619 2412 826 2486 proponerent
841 2405 997 2486 priucipia.

235 2507 318 2581 Quae
342 2509 510 2590 priucipum
534 2509 614 2570 inter
633 2507 687 2572 hos
709 2509 896 2590 scrIptorum
916 2508 955 2571 de
971 2512 1043 2592 jure
1058 2511 1198 2589 naturali,

170 2611 208 2676 de
219 2613 294 2696 justi
310 2622 415 2676 natura
425 2631 461 2675 aa
476 2607 534 2674 fine
550 2619 601 2675 aut
617 2613 655 2676 de
671 2615 839 2678 civitatibus
855 2623 941 2679 recte
955 2613 1127 2679 ordinandis
1140 2617 1200 2680 siut

168 2720 337 2784 sententiae
357 2727 447 2801 atque
467 2719 641 2801 opimones,
662 2739 757 2798 nuno,
782 2721 921 2802 quoniam
937 2720 1026 2802 hujus
1043 2720 1199 2786 doctrinae

169 2824 322 2889 historiam
348 2824 484 2888 breviter
512 2843 694 2908 componere
719 2826 806 2891 nohIs
834 2825 1063 2910 proposuimus,
1092 2826 1199 2910 paucis

170 2947 357 3014 exponamus
374 2937 503 3012 oportet

235 3035 264 3100 9.
287 3035 375 3119 Hugo
385 3034 516 3116 Grotius,
532 3037 746 3103 interBatavos
757 3037 924 3120 scriptores
939 3037 1029 3100 Iacile
1045 3037 1197 3121 priuceps,

168 3159 300 3206 summus
308 3140 556 3221 Iurisconsultus,
573 3141 746 3226 Theologus
762 3151 852 3224 atque
868 3141 1076 3224 Philosophus,
1092 3143 1197 3206 Histo-

168 3247 282 3312 riarum
301 3247 433 3328 scriptor
454 3255 485 3310 et
507 3249 537 3310 in
559 3249 638 3312 civih
659 3249 818 3331 prudentia
838 3248 1082 3327 versatissimus,
1106 3267 1196 3329 quum

169 3351 288 3416 videret
303 3353 384 3416 imilla
399 3353 470 3418 belli
479 3354 569 3434 illius,
586 3354 665 3436 quod
680 3355 788 3418 saeviit
803 3373 858 3436 per
872 3353 995 3445 triginta
1009 3370 1103 3416 annos
1118 3354 1197 3416 inter

170 3477 274 3523 omnes
288 3458 356 3523 fere
371 3457 512 3539 Europae
527 3460 668 3542 populos,
689 3469 719 3525 et
737 3469 863 3543 propter
881 3459 1025 3541 temporis
1044 3459 1195 3535 licentiam

168 3565 340 3648 turpissirna
355 3564 548 3630 christianum
564 3565 670 3628 orbem
686 3567 802 3630 macula
817 3564 928 3645 affecit,
944 3567 1029 3647 pacis
1043 3566 1196 3648 parandae

167 3671 265 3755 gratia
280 3669 435 3753 proposuit
449 3669 516 3750 sihi,
539 3676 581 3732 de
595 3671 683 3740 iure
704 3673 793 3732 heiti
813 3679 849 3735 et
866 3673 978 3749 pacis
999 3672 1137 3734 scrihere
1154 3669 1195 3750 1),

223 3849 248 3919 1)
268 3850 345 3912 Quod
362 3849 499 3915 profitetur
510 3851 538 3900 in
550 3849 693 3916 prolegom.
712 3849 755 3899 sui
771 3849 856 3915 operis
873 3852 896 3911 ὅ.
911 3852 952 3899 28.
969 3849 1001 3899 de
1013 3849 1073 3914 jura
1089 3848 1153 3899 belli
1169 3854 1195 3899 et

166 3941 249 4006 pacis,
270 3939 379 3990 Parisiis
401 3939 479 4000 16253
503 3939 705 4005 praestantiores
725 3938 782 4001 ejus
801 3935 928 3986 editiones
947 3941 1020 3986 sunt:
1043 3952 1108 4003 quas
1132 3938 1194 3988 Bar·

167 4027 266 4093 bayrao
283 4026 438 4094 publicavit,
458 4027 566 4094 (noviss.
586 4027 647 4077 adia
666 4025 764 4091 prodiit
783 4039 847 4075 cura
864 4025 1011 4090 Tydemani
1027 4025 1143 4090 Trajeoti
1161 4025 1195 4076 ad

166 4117 285 4168 Rhenum
300 4120 375 4167 1774.
395 4121 409 4167 2
423 4116 482 4167 Vol.
495 4116 539 4184 8.),
556 4115 627 4166 laud.
642 4117 721 4168 etiam
733 4112 829 4179 Coccqia'
840 4113 948 4165 Grotius
960 4113 1118 4166 illustratus.
1131 4113 1193 4163 Hal.

170 4207 237 4255 1748
257 4219 311 4268 aeq.
330 4207 346 4254 4
371 4204 401 4255 V.
425 4204 471 4255 fol.

212 4307 389 4360 wornkdatg,
403 4307 545 4361 phtloslurts
553 4307 592 4350 liu.
605 4306 639 4350 ad.
649 4307 669 4348 2.
962 4290 983 4353 2
