3109 5292
856 533 902 603 58

360 731 427 780 mus
452 721 483 778 et
505 711 714 780 misericordia
734 729 812 796 erga
831 711 957 779 aniene
979 719 1071 795 atque
1092 711 1289 783 calamitosos
1307 729 1398 779 oem-

360 837 525 884 movemur.

424 921 652 1006 magnifacimus
680 921 848 1004 benignos,
873 919 1107 990 condemnamus
1134 938 1207 1000 eos,
1233 939 1313 1004 quos
1333 921 1396 989 hoc
1427 957 1448 988 ι

358 1029 499 1094 bonitatis
515 1045 608 1092 sensu
622 1043 730 1090 carere
745 1035 894 1108 putamus,
911 1025 1031 1090 onnus
1044 1025 1212 1090 malevolos
1219 1033 1343 1090 astutos
1357 1044 1394 1092 se

357 1135 440 1218 ipsos
462 1139 575 1196 numm
597 1130 767 1214 diligentes.
806 1130 845 1194 Et
867 1132 911 1195 sic
932 1130 1055 1211 qudem
1073 1138 1200 1195 veteres
1221 1130 1394 1215 philosophi

356 1237 586 1302 beneficentiam
601 1237 775 1318 primariam
790 1236 936 1301 virtutem
955 1251 1027 1298 esse
1042 1233 1229 1314 docuerunt,
1253 1243 1286 1300 et
1299 1235 1392 1303 Sect-

356 1348 455 1410 torum
478 1341 650 1424 philosophi
673 1341 805 1407 nativam
829 1339 867 1403 ad
889 1337 1145 1404 benefaciendum
1169 1339 1392 1420 proclivitatem

321 1424 325 1432 ¹
355 1465 414 1531 pro
436 1448 531 1528 ipsius
553 1445 672 1510 honesti
693 1452 724 1508 et
744 1445 877 1508 omnium
893 1446 1038 1508 virtutum
1057 1442 1250 1508 mndameuto
1269 1443 1391 1510 moue·

355 1559 434 1616 runt
459 1551 535 1616 Sunt
550 1557 650 1614 autem
665 1549 755 1633 hujus
768 1547 807 1612 ad
818 1545 1047 1610 beneficentiam
1059 1548 1274 1629 propensionis
1286 1550 1392 1616 variae

354 1656 472 1720 formae
486 1655 621 1735 variique
637 1653 767 1736 modus,
782 1658 816 1715 ut
829 1650 975 1728 amicitia,
991 1668 1077 1716 amor
1092 1669 1189 1732 purus
1202 1659 1293 1732 atque
1307 1654 1390 1718 inte-

253 1741 255 1745 ’
354 1778 428 1845 ger,
450 1759 619 1844 conjugalis
639 1774 737 1836 amor,
758 1761 918 1838 parentum
934 1771 1009 1836 erga
1030 1755 1391 1838 liberos-liberorumque
1494 1748 1497 1754 ’

354 1866 385 1928 lu
400 1867 546 1946 parentes
569 1863 695 1941 caritas,
715 1862 826 1924 civium
845 1861 877 1922 in
890 1861 1017 1942 patriam
1037 1860 1153 1943 pietas,
1175 1861 1307 1944 denique
1327 1880 1389 1926 non

353 1985 425 2034 raro
439 1967 590 2030 hominum
605 1967 838 2050 generosiorem
858 1965 914 2027 toti
934 1965 1045 2048 generi
1059 1965 1190 2030 numano
1209 1965 1302 2030 utiles
1315 1983 1389 2037 sese

352 2070 527 2156 praestandi
542 2071 682 2135 studium.
722 2069 805 2142 Quas
819 2086 926 2134 omnes
944 2070 1089 2134 benevoli
1103 2072 1194 2134 animi
1209 2071 1388 2138 affectiones

353 2185 416 2240 tum
431 2177 552 2239 demum
567 2191 659 2236 veras
675 2192 746 2238 essa
761 2175 890 2238 &imus
907 2182 999 2256 atque
1013 2175 1187 2255 laudamus,
1206 2194 1300 2257 quum
1313 2178 1387 2244 nule

352 2280 411 2344 lam
427 2280 464 2342 ils
479 2279 582 2341 inesse
596 2279 751 2360 propriam
765 2278 923 2343 utilitatem
935 2297 1114 2361 persuasum
1125 2279 1215 2344 nobie
1229 2280 1387 2354 habemus.

418 2380 471 2446 at.
494 2383 657 2466 Est‘igitur
670 2383 786 2465 duplex
798 2383 994 2449 nummorum
1005 2385 1264 2451 mmcciadcnum
1279 2403 1386 2463 causaa

350 2507 386 2554 ac
408 2487 538 2570 primum
554 2487 683 2569 quidem
705 2487 859 2552 hominnm
882 2495 1008 2550 naturae
1033 2488 1156 2556 insitum
1180 2507 1218 2552 ac
1239 2490 1386 2572 propriae

303 2673 305 2677 ι
351 2592 483 2656 utilitatis
498 2591 626 2654 alierum
642 2591 756 2656 nunide
768 2592 990 2673 comparandae
1004 2593 1228 2676 augendaeque
1240 2593 1385 2674 studium,

350 2701 413 2759 tarn
433 2695 576 2760 sincerae
596 2696 831 2760 benevolentiae
849 2714 887 2760 ac
907 2697 1040 2760 emmane
1061 2698 1109 2765 vis
1126 2717 1164 2762 ac
1177 2707 1296 2766 nnana.
1332 2699 1386 2763 Est

350 2805 451 2866 numm
465 2799 688 2880 sapientissima
703 2800 779 2862 laec
797 2800 952 2864 societatis
965 2802 1110 2883 appetitio
1125 2821 1143 2864 a
1156 2820 1302 2884 supremo
1315 2803 1383 2869 nec

348 2910 382 2966 ut
395 2903 448 2966 lex
463 2911 592 2967 naturae
608 2904 718 2987 generi
732 2903 862 2970 humano
876 2905 1071 2988 ingenerata,
1087 2925 1180 2989 mum
1194 2909 1262 2970 sine
1278 2915 1383 2984 mutuo

348 3005 462 3070 auxilio
480 3007 534 3069 vix
552 3008 705 3070 minimum
725 3005 878 3074 felicitatis
897 3008 1025 3092 gradum
1049 3011 1201 3094 attingere
1220 3027 1382 3092 possemne

347 3109 499 3191 vitamque
528 3119 660 3174 nostram
689 3113 755 3174 sine
785 3114 899 3176 amoris
927 3113 1138 3195 amicitiaeque
1168 3113 1381 3178 dulcedinibus

347 3213 544 3278 miserrimam
560 3214 697 3299 judicare
717 3233 775 3278 nos
792 3224 959 3298 oporteret
998 3217 1193 3300 Quapropter
1210 3217 1381 3285 rectissima

346 3317 423 3383 haec
437 3318 477 3380 ad
498 3320 674 3382 societatem
692 3319 846 3384 hominum
867 3322 1043 3403 proclivitas
1063 3322 1300 3386 aceleberrimo
1318 3339 1379 3384 no-

346 3429 431 3485 strae
453 3425 560 3487 aetatis
581 3423 783 3506 philosopho,
811 3425 837 3488 J.
860 3426 895 3488 ll
917 3425 1062 3491 Fichtio
1075 3427 1124 3505 ¹),
1148 3426 1298 3506 sociatae,
1322 3443 1380 3510 qua

345 3528 509 3600 mutatione
532 3527 713 3607 officiorum,
736 3529 844 3593 dandis
866 3529 1113 3612 recipiendisque
1133 3531 1271 3610 meritis,
1297 3531 1379 3612 qued

344 3632 582 3714 monuerimus
602 3648 662 3713 per
677 3649 712 3696 se
735 3633 802 3714 ipse
817 3637 931 3716 possit,
950 3636 982 3698 id
996 3636 1127 3718 accipiet
1146 3637 1185 3700 ab
1204 3637 1267 3699 alio
1280 3636 1378 3700 vicu·

343 3736 460 3817 simque
475 3734 593 3813 reddat,
615 3744 663 3799 est
679 3737 839 3819 appellata.
876 3737 1021 3804 sensnm
1036 3748 1137 3804 annm
1149 3741 1183 3804 >in
1198 3748 1302 3819 mutuo
1316 3740 1377 3804 iro·

342 3841 455 3904 ninum
476 3857 548 3903 sese
567 3841 698 3904 invicem
719 3842 898 3922 perdciendi
915 3843 1035 3922 studio,
1056 3845 1138 3925 quod
1157 3861 1227 3910 cum
1246 3843 1377 3925 quodam

398 4076 422 4140 1)
441 4077 468 4127 J.
487 4077 522 4128 Η.
540 4078 654 4130 Fichte
677 4081 705 4131 in
725 4083 832 4148 scriptia
848 4079 937 4132 ethicis
954 4087 1035 4132 vocat
1051 4082 1126 4134 illam
1144 4099 1178 4134 ax
1196 4083 1374 4152 applicatione

342 4161 423 4212 animm
436 4166 519 4214 ortem
531 4165 696 4230 societatem,
713 4167 872 4234 oepdmrde
880 4166 1077 4234 &adanam
1090 4169 1373 4234 limitando-16.
