3109 5292
167 739 380 816 benefaciendi
402 752 440 814 lis
463 752 562 814 animo
586 753 633 814 est
651 751 862 833 'conjitnetum
890 759 922 814 et
941 767 1055 814 summa
1076 751 1204 815 ammte

166 855 318 930 humanae
333 856 388 918 lex
400 855 528 918 dicenda
544 864 607 934 est,
627 857 714 937 cujus
729 857 760 918 vi
776 864 808 918 et
824 854 1136 939 imperio'qignnntur
1150 855 1203 919 ln-

167 957 269 1022 miliae
289 960 427 1039 vincula,
447 960 602 1024 eivitatum
618 961 861 1042 conjunctiones,
876 961 1056 1042 populorum
1070 961 1152 1023 inter
1166 977 1202 1023 se

167 1063 314 1144 foedera,
333 1065 492 1148 religionis
511 1064 672 1145 cultusque
694 1062 828 1126 Deorum
848 1066 931 1128 varia
951 1082 1085 1147 genem,
1107 1065 1204 1129 totius

167 1159 302 1249 denique
319 1155 443 1250 generis
458 1169 579 1232 hnmani
595 1168 740 1233 latissime
755 1176 862 1250 patens
880 1177 913 1232 et
926 1170 957 1232 in
972 1169 1038 1233 dies
1054 1185 1203 1232 crescent

166 1273 391 1337 commercium.

232 1375 285 1440 38.
307 1376 356 1440 lll.
372 1376 517 1441 Omnibus
539 1377 587 1441 his
608 1377 761 1461 conjuncti
780 1379 911 1443 vinculis
927 1379 1046 1463 <singuli
1065 1379 1202 1442 hommes

166 1483 263 1546 mutui
276 1483 380 1547 auxilii
392 1485 563 1565 amorisque
576 1485 790 1548 communitate
800 1501 838 1546 ea
852 1483 924 1566 lege
936 1491 1071 1562 utuntur,
1084 1491 1118 1546 ut
1128 1485 1201 1545 uai-

166 1588 278 1669 cuique
298 1605 404 1651 eorum
429 1586 576 1669 quaedam
602 1587 750 1651 libertatis
770 1588 859 1668 quasi
881 1589 1038 1668 provincia
1058 1587 1129 1650 data
1151 1587 1200 1664 sit,

62 1758 65 1762 ,
165 1693 252 1775 cujus
267 1694 346 1756 intra
361 1693 437 1756 fines
452 1693 541 1774 plenu
557 1693 682 1756 arbitrio
698 1710 754 1756 suo
766 1701 909 1773 tanquam
920 1693 992 1775 jure
1006 1709 1064 1757 suc
1078 1691 1201 1768 imitor,

127 1828 136 1844 ι
164 1815 254 1878 quam
275 1804 468 1860 contrectare
488 1797 555 1859 aliis
574 1797 694 1858 minime
717 1795 800 1858 licet
838 1795 923 1859 llaoo
944 1797 1073 1858 omnium
1093 1795 1201 1858 socie·

164 1905 258 1964 tntum
282 1901 523 1964 constitutionem
548 1899 599 1962 alii
625 1901 797 1982 scriptores
820 1919 861 1964 ex
889 1901 1039 1964 communi
1069 1899 1200 1962 emnium

162 2006 309 2087 propriae
323 2005 456 2068 utilitatis
472 2003 696 2085 comparandae
718 2004 939 2088 augendaeque
958 2004 1074 2082 undio,
1094 2004 1201 2066 aliiex

163 2110 266 2172 nativa
280 2109 332 2172 illa
347 2110 499 2173 hominum
512 2108 727 2172 benevolentia
741 2116 881 2172 exortam
893 2126 965 2172 ease
980 2108 1200 2172 existimarunt.

163 2211 380 2294 Sed'quamvis
394 2214 502 2296 negari
517 2222 662 2294 nequeat,
683 2231 739 2276 nos
755 2233 850 2296 saepe
865 2214 903 2278 ad
915 2217 986 2298 jura
1001 2213 1069 2276 aliis
1084 2229 1200 2276 conee-

164 2317 263 2381 denda
279 2319 344 2380 aliis
366 2319 467 2382 causis
482 2321 613 2383 moveri:
636 2327 736 2382 tamen
748 2319 829 2402 juris
848 2320 936 2382 istum
958 2318 1201 2405 communitatem

163 2423 244 2505 apud
268 2439 374 2486 omnes
396 2421 527 2505 populos
551 2425 745 2506 conspicuam
773 2425 956 2487 necessitate
977 2423 1106 2504 quadam
1129 2436 1201 2484 esse

162 2528 356 2590 constitutam
376 2535 407 2590 et
423 2529 460 2592 ab
482 2529 540 2592 alie
560 2529 724 2592 voluntatis
748 2529 896 2592 humanae
912 2525 1129 2612 gubernandae
1144 2541 1200 2588 rae

163 2633 247 2694 tiene
263 2644 334 2694 esse
349 2631 519 2712 proiectum
535 2631 695 2696 dicendum
712 2641 767 2696 est

231 2735 484 2818 Quotiescunque
500 2738 580 2799 enlm
595 2737 734 2800 homines
755 2736 955 2799 communiter
972 2733 1095 2798 vivendi
1109 2750 1201 2798 ceusu

163 2847 413 2923 congregantur,
443 2841 569 2921 quilibet
592 2857 697 2904 eorum
726 2841 854 2923 aliquam
878 2847 1026 2903 externae
1052 2839 1201 2902 libertatis

163 2945 350 3028 provinciam
371 2951 520 3024 tamquam
541 2945 598 3026 ipsi
618 2961 748 3026 prorsus
765 2945 920 3027 propriam
941 2952 972 3006 et
986 2941 1098 3024 aliquid
1113 2942 1200 3024 quasi

163 3047 299 3112 debitum
316 3049 481 3130 'praestari
510 3049 568 3112 sibi
600 3067 617 3110 a
644 3049 771 3130 reliquis
799 3049 958 3130 postulate
973 3055 1007 3110 et
1029 3065 1122 3128 mom
1145 3063 1200 3109 eos

163 3153 307 3234 aequales
322 3153 381 3216 sibi
398 3171 468 3216 esse
485 3161 666 3237 cognoseat,
690 3153 818 3216 eandem
832 3153 893 3215 iilis
907 3152 1085 3233 petentibus
1100 3149 1200 3214 ‹lene-

163 3273 240 3340 gnre
264 3273 335 3320 sese
358 3270 418 3319 non
445 3263 540 3338 posse
567 3257 723 3340 intelligit3
754 3257 822 3320 sive
845 3256 998 3320 benevolo
1026 3271 1104 3338 erga
1131 3255 1200 3318 illos

164 3363 262 3423 animo
278 3361 316 3423 sit
332 3359 458 3424 allectus
475 3361 542 3424 sive
563 3379 639 3439 non,
659 3352 938 3424 sivecommodnm
959 3358 1081 3441 aliquod
1102 3359 1202 3440 capiat

163 3481 205 3527 ex
221 3481 275 3542 eo,
291 3465 359 3526 sive
374 3465 603 3527 incommodum.

220 3566 364 3631 Naturali
380 3576 502 3633 mutuae
516 3567 668 3632 lominum
683 3570 763 3632 inter
777 3587 813 3632 se
821 3569 966 3634 relationi
980 3567 1106 3649 quilibet
1121 3570 1199 3629 eoo-

162 3672 382 3735 veniensesse
405 3673 574 3750 existimat,
596 3681 631 3735 ut
653 3673 817 3754 unicuique
846 3671 997 3754 ejusmodi
1020 3671 1201 3732 libertasut

161 3774 219 3856 ipsi
235 3783 413 3856 competens
430 3777 625 3840 concedatur.

230 3877 315 3940 lianc
336 3895 423 3942 mum
444 3879 554 3960 cuique
581 3879 733 3942 tribuendi
754 3887 943 3943 constantem
965 3895 1003 3942 ae
1022 3885 1199 3959 perpetuum

162 3983 347 4048 votmutom
368 4003 385 4046 a
404 3985 562 4047 veteribus
579 3985 742 4054 iustitiam
764 3999 836 4046 esse
858 3982 1039 4064 appellatum
1060 3980 1199 4046 uidimus.

162 4085 237 4148 lnde
254 4086 329 4168 justi
343 4088 426 4150 notio
442 4086 611 4164 descendit3
635 4103 744 4169 quum,
765 4085 847 4167 quod
870 4085 1008 4148 homines
1030 4087 1061 4148 in
1083 4085 1198 4168 diiudi-

163 4189 269 4254 candis
283 4177 395 4255 mutuis
407 4192 488 4255 inter
498 4209 534 4254 se
545 4191 743 4256 relationibus
756 4189 815 4254 sibi
826 4197 862 4255 ut
872 4208 960 4254 suum
974 4198 1006 4254 et
1017 4192 1198 4254 necessum
