3109 5292
678 551 721 618 tte

215 829 216 833 Ἰ
243 725 298 794 &et
323 726 478 804 Quaenam
490 732 553 796 sint
567 731 671 797 variae
688 731 728 798 de
742 729 802 796 bac'
811 732 993 814 quaestione
1014 733 1219 817 pbilosopho-

181 854 251 901 rum
279 837 470 917 aberamque
501 837 659 901 doctorum
687 839 827 902 virorum
850 835 920 898 inde
942 837 982 899 ab
1006 837 1219 919 antiquissimis

182 941 426 1022 temporibusad
441 946 575 1004 nosram
591 959 689 1022 usque
705 948 834 1004 aetatem
854 943 1024 1004 sententiae
1044 950 1076 1005 et
1094 942 1219 1024 opinio·

180 1063 255 1124 nes,
279 1063 335 1108 nos
359 1043 515 1108 doctrinae
536 1045 626 1128 hujus
648 1046 805 1108 historiam
829 1053 1011 1108 enarrantes
1027 1050 1076 1120 (s.
1091 1044 1219 1121 4-31)

179 1149 303 1232 longius
320 1150 528 1232 exposuimus.
615 1201 616 1206 ,

245 1252 343 1316 Nemo
366 1253 506 1335 negabit,
530 1270 592 1316 non
621 1253 693 1315 satis
719 1269 790 1316 esse
816 1253 939 1332 dicere,
963 1255 1036 1337 justi
1057 1272 1093 1317 ac
1118 1255 1220 1336 injusti

179 1357 270 1420 iatam
286 1365 338 1420 aut
352 1357 488 1422 moribus
504 1364 555 1420 aut
570 1357 752 1420 educatione
768 1372 844 1420 esse
856 1357 1044 1422 introductas
1059 1365 1112 1420 aut
1126 1359 1219 1428 tacita

181 1461 307 1542 quadam
330 1462 532 1524 conventione
553 1467 693 1542 receptas
716 1467 769 1523 aut
790 1479 807 1522 a
831 1461 899 1524 Deo
920 1469 1111 1544 praeceptas.
1143 1459 1218 1526 Cum

179 1565 259 1626 enirn
282 1572 347 1628 tota
367 1565 447 1648 Juris
472 1565 654 1628 consociatio
684 1566 870 1630 necessitato
895 1565 1026 1646 quadam
1055 1567 1219 1630 constituta

181 1677 337 1752 appareat,
354 1689 389 1732 ac
405 1670 490 1733 notio
502 1672 587 1752 justi,
605 1671 692 1752 cujus
708 1685 816 1731 seusus
832 1669 971 1733 omnibus
985 1669 1156 1732 bominibus
1171 1677 1220 1734 est

179 1775 310 1853 innatus,
326 1774 479 1838 bominum
494 1774 680 1838 voluntatem
696 1780 784 1855 regat
799 1780 891 1852 atque
907 1773 1069 1855 gubernet,
1085 1793 1218 1838 accura-

177 1879 237 1941 tius
259 1877 473 1959 in-quirendum
494 1887 557 1942 est:
589 1897 627 1940 an
651 1895 687 1940 ea
709 1885 739 1938 et
760 1877 859 1956 qualis
884 1877 923 1939 sit
944 1879 1066 1942 moralis
1088 1885 1218 1942 naturae

176 1980 257 2046 lex?
279 1999 427 2063 quaenam
442 1984 521 2046 inter
536 2000 603 2045 eam
619 1983 712 2064 ipsam
729 1981 866 2062 aliasque
886 1982 1036 2063 ejusmodi
1054 1983 1144 2066 leges
1165 1983 1216 2044 in-

93 2068 98 2079 ’
177 2087 313 2150 ιθτοοᾱαι
328 2086 498 2150 differentia
515 2094 546 2149 et
560 2085 811 2167 quemadmodum
831 2101 873 2146 ex
893 2085 952 2148 isto
967 2087 1043 2168 justi
1059 2103 1152 2150 sensu
1163 2089 1216 2168 jus

178 2199 211 2254 et
225 2191 373 2255 libertatis
387 2191 468 2256 illius
484 2199 581 2254 status
598 2189 801 2253 exordietur?
833 2244 836 2249 .

247 2295 296 2360 Ad
313 2296 367 2360 has
383 2297 578 2377 quaestiones
594 2296 653 2358 rite
663 2293 892 2377 pertractandas
907 2301 1045 2361 nuaram
1060 2293 1217 2358 humanam

176 2402 367 2484 perscrutari
388 2417 594 2480 summasque,
618 2399 727 2478 quibus
743 2397 871 2460 hominis
886 2398 1028 2462 voluntas
1043 2400 1111 2481 regi
1126 2399 1216 2477 solet,

177 2506 266 2588 leges
282 2504 468 2586 investigare
484 2520 540 2568 nos
557 2510 688 2584 oportet

198 2644 200 2652 =
244 2605 296 2670 35.
319 2607 439 2672 Summa
455 2616 525 2671 sunt
541 2605 789 2689 philosophorum
804 2606 923 2683 merita,
937 2606 1051 2687 quippe
1065 2607 1118 2687 qui
1134 2604 1215 2667 eiic-

176 2720 300 2790 cerunt,
323 2720 359 2775 ut
376 2714 597 2777 accuratiorem
612 2712 794 2774 haberemus
815 2711 963 2773 humanae
983 2715 1111 2772 naturae
1129 2710 1215 2772 noti·
1294 2785 1298 2796 Ι

176 2819 255 2881 tiam
293 2816 420 2880 Constat
433 2825 532 2880 autern
548 2816 637 2879 homo
653 2833 794 2890 corpore,
815 2813 954 2897 organis,
972 2812 1084 2893 quibus
1099 2820 1131 2873 ot
1146 2812 1215 2874 ani-

175 2920 265 2984 malia
279 2921 392 2984 munita
408 2927 488 2998 suut,
509 2921 674 2998 instructa,
698 2928 729 2982 et
745 2922 854 2981 aalma
868 2919 987 2981 ratione
1002 2913 1159 2998 praedita,
1183 2924 1222 2999 ⁰⁸.

175 3026 286 3089 fraitun·
309 3024 471 3102 sentiendi,
496 3024 649 3106 cogitandi
672 3032 703 3087 et
722 3022 929 3107 cogrnoscendi
952 3041 1011 3084 nec
1031 3038 1094 3082 uon
1115 3037 1213 3102 appe-

174 3129 260 3193 tendi
276 3127 445 3213 agendique
462 3127 613 3192 facultate.
640 3127 758 3190 bloveri
773 3137 872 3191 autern
887 3128 1024 3193 solemus
1039 3133 1089 3188 aut
1098 3127 1214 3208 jucun·
1265 3173 1270 3184 ,

176 3233 222 3300 dis
245 3242 296 3296 aut
317 3231 439 3294 acerbis
462 3229 680 3294 allectionibus.
719 3230 896 3314 Cogitamus
916 3239 1018 3292 mente
1041 3231 1060 3292 i.
1076 3247 1103 3292 e.
1118 3229 1214 3291 intel-

175 3338 257 3401 lectu
273 3345 323 3400 aut
338 3335 521 3416 concipimus
537 3335 666 3413 ratione,
691 3343 740 3398 aut
756 3335 962 3398 ratiocinando
977 3353 1119 3399 verume
1134 3333 1214 3400 falso

175 3442 386 3524 distinguimus
392 3460 401 3516 ;
416 3439 486 3502 inde
496 3441 647 3502 exsistunt
657 3457 761 3502 aeruna
778 3456 943 3519 earumque
959 3455 1118 3502 causarum
1133 3455 1213 3520 cog-

175 3547 314 3610 nitiones.
352 3542 533 3626 Appetimus
559 3561 611 3621 ca,
640 3561 717 3624 quae
747 3543 886 3606 sensibus
912 3543 1035 3624 placent
1062 3550 1115 3604 aut
1135 3557 1213 3622 quae

174 3650 259 3714 utilia
269 3647 367 3714 ·;n0bis
384 3661 454 3710 esse
470 3643 685 3730 intelligimus,
711 3656 762 3710 aut
776 3665 855 3728 quae
871 3667 888 3710 a
902 3648 1021 3710 ratione
1036 3645 1212 3726 probantur.

175 3751 418 3835 Appetiticnibus
440 3751 581 3814 voluntas
597 3751 634 3813 ad
651 3752 785 3814 actiones
807 3749 987 3832 impellitur,
1009 3749 1091 3812 nulla
1111 3755 1212 3823 autem

173 3858 204 3918 vi
219 3854 349 3918 naturali
364 3856 403 3916 ita
419 3862 564 3936 cogente,
589 3855 638 3916 cui
659 3855 806 3917 resistere
825 3871 888 3916 uon
908 3854 1074 3934 possimus,
1097 3849 1152 3912 sed
1173 3868 1212 3913 ec

59 4035 66 4050 ι
173 3959 290 4038 medo,
306 3967 340 4021 ut
362 3974 420 4039 pro
443 3957 567 4020 arbitrio
582 3965 698 4035 nostro,
721 3975 802 4038 quae
824 3958 954 4020 animum
968 3963 1106 4018 nostrum
1121 3955 1212 4016 exci-

173 4071 235 4126 tant
250 4063 341 4144 eiquo
357 4063 486 4124 maxime
501 4062 633 4144 placent,
656 4063 811 4144 eligamus.
849 4060 924 4124 Sunt
939 4067 1038 4124 autem
1053 4060 1131 4122 varii
1150 4058 1212 4121 bu-

174 4185 281 4232 manae
296 4174 425 4236 naturae
442 4168 594 4248 appetitus
616 4174 708 4248 atque
723 4163 886 4228 desideria.
