3109 5292
832 497 896 566 tte

409 681 487 749 Sunt
507 687 609 746 autem
630 678 737 763 populi
758 676 965 761 agnoscendis
988 679 1144 741 extraneis
1168 678 1310 762 gentibus
1333 677 1386 744 aiii

346 787 413 851 aliis
428 787 668 870 propensiores:
691 783 812 865 qnidam
829 784 909 846 enim
924 790 958 845 ut
972 781 1065 866 Angli
1081 791 1112 846 et
1127 783 1300 847 Americani
1316 801 1386 846 cnm

344 893 412 955 abiis
424 893 505 976 Juris
517 891 639 955 vincula
650 889 838 967 contrahunt,
855 888 1085 968 qualiscumque
1100 890 1139 952 sit
1154 889 1270 970 imperii
1285 887 1387 951 forma

346 996 428 1078 apud
443 1012 498 1059 eos
514 1003 656 1076 recepta,
679 1011 737 1056 nec
751 994 772 1055 ii
789 993 977 1071 examinent,
1002 1009 1040 1054 an
1061 993 1245 1074 imperantes
1257 995 1329 1076 jure
1343 992 1386 1054 ibi

344 1101 484 1183 regimen
498 1099 559 1162 sint
572 1097 677 1160 nacti?

412 1204 485 1267 150.
507 1203 594 1266 Licet
614 1210 716 1267 autem
734 1203 825 1285 piena
849 1200 954 1283 populi
971 1200 1083 1283 agnitio
1100 1206 1134 1263 ut
1153 1201 1241 1263 liberi
1258 1208 1290 1264 et
1309 1199 1387 1263 uniti

343 1325 403 1372 non
425 1309 477 1387 sit,
497 1309 565 1371 sine
585 1308 739 1391 agnitione
761 1306 881 1387 imperii
902 1305 979 1387 apud
1000 1323 1069 1367 eum
1091 1305 1260 1368 constituti:
1284 1312 1387 1368 tamen

344 1429 458 1475 summa
477 1412 603 1474 libertas
622 1412 708 1494 genti
729 1411 926 1488 conceditur,
950 1411 1038 1474 simui
1060 1419 1150 1492 atque
1167 1427 1204 1473 ea
1220 1409 1323 1493 agnita
1339 1409 1387 1471 sit

343 1517 452 1599 dieque
473 1517 599 1579 enimin
616 1517 832 1580 dubitationem
850 1523 993 1594 vocatur,
1017 1533 1087 1594 eos,
1108 1533 1126 1578 a
1145 1515 1256 1596 quibus
1277 1514 1386 1576 civitas

342 1622 480 1705 regitur,
507 1620 723 1702 rempublicam
746 1639 805 1701 pro
829 1637 887 1684 suo
906 1620 1033 1682 arbitrio
1058 1637 1151 1701 posse
1171 1619 1329 1697 ordinare,
1356 1625 1387 1679 et

330 1725 424 1806 guod
438 1725 551 1789 civium
568 1724 655 1788 saluti
671 1722 777 1786 favere
793 1725 838 1787 eis
854 1723 1008 1804 videatur,
1019 1725 1138 1807 J'ubere.
1178 1723 1333 1804 Quidquid
1355 1724 1386 1784 in

344 1836 489 1892 extrema
505 1829 628 1893 civitate
647 1828 679 1891 iit
693 1829 743 1891 vei
758 1830 879 1912 geritur
893 1830 984 1910 (quin
1000 1829 1125 1910 probata
1140 1829 1261 1910 imperii
1281 1827 1381 1891 forma

343 1938 520 2008 evertatur)
544 1933 661 1996 exteris
681 1931 733 2016 J'ns'
755 1940 916 2014 ratumque
940 1941 1002 2012 est,
1027 1932 1111 1996 velut
1130 1951 1184 1996 res
1204 1934 1285 1995 inter
1306 1932 1383 1994 alios

342 2043 425 2100 acta:
442 2038 559 2100 etiamsi
574 2036 705 2100 fortasse
719 2056 792 2121 pars
808 2057 918 2121 magna
931 2039 1042 2101 civium
1059 2038 1138 2101 iliius
1153 2039 1255 2121 gentis
1271 2055 1309 2100 ea
1324 2053 1386 2099 non

339 2143 412 2223 jure
432 2141 513 2205 iacta
534 2149 587 2205 aut
607 2143 708 2222 iniqua
724 2143 842 2206 babeat.
881 2143 956 2206 Sunt
972 2144 1050 2204 enim
1065 2142 1142 2206 haec
1157 2145 1307 2223 uniusque
1323 2159 1384 2223 po-

342 2245 406 2326 puli
426 2247 568 2328 negotia,
592 2263 673 2327 quae
689 2248 843 2310 extraneis
864 2265 964 2328 neque
984 2245 1136 2329 prodesse
1151 2263 1253 2328 neque
1268 2263 1385 2308 nocere

343 2365 437 2430 posse
453 2349 632 2412 creduntur.

409 2451 470 2518 Sed
492 2471 556 2516 non
578 2455 677 2518 scium
701 2471 754 2517 res
777 2471 849 2518 suas
878 2472 935 2535 pro
955 2455 1080 2518 arbitrio
1106 2471 1161 2518 suo
1185 2453 1387 2536 componendi

343 2557 474 2622 incultas
494 2559 660 2643 unicuique
680 2561 764 2644 genti
787 2561 983 2639 conceditur,
1007 2577 1112 2623 verum
1136 2561 1226 2623 etiam
1243 2561 1294 2642 jus
1318 2577 1385 2622 cum

343 2665 651 2728 exterisnationibus
671 2667 796 2748 negotia
813 2663 959 2749 gerendi,
986 2672 1018 2727 et
1038 2667 1219 2728 commercia
1241 2663 1384 2743 habendi,

343 2785 443 2849 eaque
463 2771 563 2832 emnia
585 2771 770 2854 peragendi,
794 2789 871 2852 quae
894 2772 922 2834 ei
944 2777 1088 2853 prosunt,
1112 2751 1171 2834 nec
1192 2769 1243 2832 alii
1264 2769 1384 2852 populo

343 2873 480 2955 injuriam
495 2873 643 2954 inierunt,
668 2883 720 2939 ant
740 2874 879 2957 pericula
894 2884 1008 2956 parant

410 2976 526 3042 idcirco
542 2981 655 3062 populo
671 2999 712 3042 ex
728 2980 884 3062 agnitione
901 2981 938 3042 ab
954 2979 1011 3042 alie
1028 2985 1120 3061 gente
1137 2978 1215 3042 facta
1225 2980 1277 3061 jus
1287 2980 1387 3039 itter-

345 3083 428 3144 totia
443 3083 591 3143 internae
605 3090 638 3144 et
653 3090 808 3144 externae
823 3084 938 3164 acquiri
953 3082 1044 3146 bodie
1065 3083 1183 3148 dicitur.
1256 3067 1270 3088 ⁶

413 3184 529 3258 Quodsi
549 3186 805 3270 populi'aiiqaam
825 3195 929 3252 terrae
950 3195 1068 3269 partem
1089 3189 1293 3253 inhabitantes
1316 3207 1388 3254 sese

345 3289 476 3353 invicem
487 3297 521 3352 nt
531 3309 696 3368 personna,
712 3292 897 3376 singidorum
914 3293 1019 3372 instar,
1036 3299 1176 3373 tractant,
1193 3295 1388 3358 constituitur

346 3395 495 3477 maedam
510 3397 657 3475 societas,
674 3399 705 3460 in
720 3417 780 3480 qua
794 3397 893 3462 Kantii
913 3399 1032 3461 axioma
1049 3397 1233 3462 custoditur:
1250 3415 1387 3461 normam

348 3517 420 3564 esse
435 3499 670 3581 observandam,
686 3520 746 3583 qua
761 3505 1001 3586 uniuscujusque
1017 3503 1143 3567 libertas
1161 3523 1230 3569 cum
1247 3504 1389 3568 libertate

349 3607 482 3672 omnium
497 3615 640 3671 constare
658 3609 764 3690 possit

419 3711 492 3775 151.
514 3712 706 3794 Sequitnrex
714 3712 869 3794 agnitione
878 3711 979 3793 gentis
991 3711 1084 3773 etiani
1094 3713 1261 3776 necessitas
1271 3729 1389 3796 agnos-

350 3817 439 3880 cendi
454 3819 523 3899 ejus
538 3816 661 3881 dominii
676 3818 706 3881 in
721 3817 867 3900 regiones
882 3816 919 3879 ab
929 3833 966 3878 ea
978 3817 1050 3898 jure
1067 3833 1236 3898 possessas.
1252 3815 1390 3880 Vocatur

349 3919 409 3983 boc
421 3919 583 3984 dominium
593 3920 757 4004 populijus
767 3919 1022 3999 territorialitatis,
1039 3920 1118 4001 quod
1130 3921 1249 3984 violare
1259 3921 1349 3984 nefas
1359 3927 1391 3983 et

345 4025 426 4106 juris
445 4025 582 4108 gentium
602 4026 697 4088 laesio
719 4024 857 4089 habetur.
895 4023 967 4088 Inde
989 4027 1111 4089 armatis
1134 4015 1261 4088 diterius
1282 4025 1388 4108 popuii

350 4128 448 4209 copiis
463 4128 578 4192 intrem
595 4130 628 4192 in
646 4129 774 4195 alterius
790 4130 977 4195 territorium
997 4131 1064 4196 sine
1084 4131 1212 4216 speciali
1234 4133 1388 4214 permissu
