3109 5292
330 736 375 802 nil
397 735 480 802 aliud
502 742 566 813 eat,
589 733 649 798 nisi
667 733 794 796 rationis
813 733 958 796 humanae
976 729 1038 794 rim
1061 737 1092 792 et
1113 729 1325 793 auemrtntem
1339 727 1374 789 in

331 839 427 904 rebus
448 839 565 902 exteris
585 855 758 921 agnoscere
781 845 939 919 ratamque
964 835 1086 898 labere.
1131 834 1199 908 Quo
1220 833 1373 914 sequitur,

332 952 368 1010 ot
381 941 518 1006 infantes.
527 950 560 1005 at
573 942 625 1022 qui
639 959 733 1006 sanae
748 943 858 1006 mentis
874 958 935 1004 uon
951 948 1022 1004 sunt
1031 941 1112 1023 juris
1127 939 1294 1022 participes
1308 942 1374 1000 iton

332 1048 408 1126 sint,
428 1063 595 1126 eorumque
614 1045 739 1110 libertas
760 1045 985 1130 saginatioribus
1001 1045 1110 1108 linibus
1126 1044 1298 1125 eousorlpta
1320 1044 1373 1106 sit:

333 1152 406 1233 quin
426 1158 528 1214 tamen
547 1149 669 1212 omniuo
690 1166 843 1231 personae
868 1149 1012 1231 qualitate
1032 1149 1206 1230 priventur,
1232 1149 1373 1228 quoniam
1480 1152 1483 1158 ’

333 1255 497 1318 nilominus
511 1254 623 1336 generi
637 1254 768 1317 humano
784 1254 1008 1318 adscribuntur.

401 1355 452 1421 ts.
474 1357 542 1421 Jam
555 1358 728 1436 videamus,
749 1360 907 1440 cujusnam
923 1357 1048 1442 generis
1059 1358 1131 1440 jura
1147 1357 1184 1420 iis
1198 1361 1375 1438 competant

334 1470 366 1526 et
381 1463 513 1544 competi
528 1462 671 1541 debeant,
686 1462 738 1543 qui
753 1480 811 1542 pro
827 1464 968 1545 personis
983 1461 1143 1525 habentur.
1180 1459 1257 1525 Sunt
1274 1467 1373 1522 eutem

334 1575 479 1649 quatuor:

429 1671 468 1746 l)
486 1673 538 1754 jus
553 1671 635 1733 vitae
650 1670 853 1752 corporisque
868 1669 1091 1749 incolumitatis,
1137 1711 1140 1716 -

431 1775 471 1852 2)
489 1777 540 1858 jus
559 1776 655 1839 rebus
674 1757 793 1838 exteris
812 1791 884 1838 sese
907 1774 1074 1838 sustinendi
1094 1775 1226 1855 ideoque
1247 1789 1301 1836 res
1322 1771 1373 1836 nol

491 1881 571 1943 bona
585 1879 793 1961 comparandi,
813 1896 928 1961 easque
943 1887 976 1944 ut
991 1881 1132 1962 proprias
1147 1878 1291 1958 habendi,

432 1981 472 2060 3)
490 1987 541 2068 jus
557 1983 798 2062 existimationis,

431 2087 473 2164 4)
490 2091 543 2171 jus
558 2087 713 2151 libertatis

401 2193 470 2256 Duo
484 2193 588 2274 priora
598 2194 677 2274 juris
691 2211 808 2275 genera
821 2209 945 2275 eorpus,
955 2193 1126 2275 posteriora
1140 2193 1291 2256 rationem
1307 2195 1374 2255 sive

336 2297 469 2360 mimum
479 2296 607 2359 hominis
617 2298 796 2379 respiciunt.
812 2297 858 2359 llo
870 2298 997 2380 singulis
1008 2298 1158 2361 curiosius
1169 2298 1374 2379 dispiciamus.

404 2397 455 2463 ⁷4.
479 2399 556 2464 Cum
566 2419 719 2483 personae
732 2403 858 2484 qualitas
870 2403 899 2465 in
909 2419 949 2464 eo
962 2403 1117 2481 consistat,
1128 2409 1162 2464 ut
1173 2401 1264 2466 homo
1275 2401 1375 2482 aliqua

336 2505 368 2568 in
382 2505 477 2569 rebus
492 2506 629 2569 externis
644 2506 784 2569 libertate
805 2505 880 2584 irai,
903 2506 1128 2586 voluntatisque
1149 2523 1224 2569 suae
1246 2503 1375 2568 decreta

336 2612 466 2692 exsequi
479 2610 590 2691 possit,
610 2612 683 2692 quin
698 2611 764 2674 aliis
780 2611 811 2672 in
827 2629 865 2674 ea
880 2629 915 2674 re
931 2609 1116 2693 perficienda
1136 2609 1286 2692 impedire
1304 2621 1375 2672 eum

311 2700 313 2703 ⁵
336 2714 437 2790 lineat,
453 2715 592 2795 sequitur
607 2731 757 2795 personas
768 2715 893 2778 vivendi
904 2716 975 2798 jure
989 2713 1142 2796 praeditas
1154 2731 1226 2777 esse
1241 2713 1375 2790 deheim

334 2819 470 2900 alioquin
488 2819 571 2882 nulla
586 2826 671 2884 esset
685 2835 791 2882 eurum
807 2819 957 2882 voluutas.
993 2817 1063 2880 Sine
1078 2805 1159 2880 vitae
1173 2817 1270 2880 tutela
1285 2833 1376 2880 nemo

335 2941 405 2986 ease
418 2923 635 3005 inmmgenlns
648 2931 704 2985 est
728 2923 802 2985 lude
814 2923 845 2986 in
857 2939 966 2986 servos
979 2921 1093 2984 domini
1107 2935 1214 2984 eorum
1225 2923 1277 3003 jus
1293 2923 1375 2984 vitae

336 3035 369 3090 et
382 3029 469 3090 neeis
483 3027 608 3104 hebent,
627 3027 769 3106 quoniam
789 3027 832 3092 illi
852 3043 1052 3108 personarum
1068 3043 1197 3088 numero
1218 3044 1279 3088 non
1295 3033 1375 3103 sarm

335 3130 393 3194 sed
407 3130 580 3192 interiora
594 3137 816 3211 computantur.
845 3130 952 3211 Neque
968 3145 1044 3192 vero
1060 3130 1180 3212 integra
1196 3137 1282 3192 esset
1299 3145 1375 3192 eor·

335 3233 421 3315 poris
435 3232 534 3295 nostri
548 3232 652 3310 tutela,
668 3233 695 3295 si
710 3234 807 3296 laesio
822 3234 903 3298 illius
920 3233 958 3296 ab
974 3233 1042 3298 aliis
1056 3240 1233 3316 perpetrata
1249 3249 1308 3314 pro
1323 3234 1375 3296 iu·-

211 3384 215 3388 .
333 3335 416 3418 juria
437 3353 500 3398 nou
520 3333 697 3400 laberetur.
734 3337 809 3401 ludo
827 3340 898 3419 jure
918 3337 1055 3421 gentium
1074 3345 1233 3419 receptum
1253 3345 1319 3418 est,
1342 3343 1377 3400 ut

335 3439 418 3521 quod
429 3440 559 3521 quisque
572 3441 611 3503 ot)
621 3440 747 3505 tutelam
759 3443 957 3524 eorporissui
969 3439 1087 3520 leserit,
1098 3443 1173 3524 juro
1185 3440 1301 3504 iecisse
1313 3459 1375 3504 ox-

336 3543 500 3621 intimetur,
521 3543 610 3606 immo
625 3551 659 3606 ot
672 3544 733 3609 rim
753 3553 785 3608 et
800 3546 938 3628 injuriam
958 3545 1190 3627 propulsemus,
1211 3547 1278 3628 ejus
1294 3546 1376 3630 juris

336 3655 397 3725 eat,
413 3645 494 3728 quod
508 3653 616 3711 natura
630 3649 729 3711 omnia
743 3634 882 3713 animalia
899 3647 1053 3723 doouit1).

403 3750 463 3824 oni
485 3751 590 3816 ultimo
617 3752 768 3834 supplicio
796 3753 971 3835 plectuntur
999 3752 1036 3816 olt
1065 3753 1190 3828 erimina
1215 3755 1376 3820 sommissa

335 3871 488 3935 personae
498 3856 571 3936 jure
591 3856 714 3919 omnino
734 3856 849 3940 indigni
866 3875 937 3921 esse
958 3857 1089 3939 ideoque
1105 3859 1157 3942 Jus
1178 3858 1310 3922 ulterius
1326 3859 1378 3921 vi·-

392 4052 417 4117 1)
434 4053 478 4104 Fr.
497 4058 520 4103 1.
538 4057 563 4117 ὅ.
579 4058 605 4105 4.
623 4055 694 4110 rna.
716 4057 748 4108 fr.
762 4049 787 4108 3.
805 4057 838 4108 D.
857 4056 879 4108 I.
895 4061 916 4108 1.
936 4056 979 4122 (tle
994 4058 1101 4124 justitie
1119 4063 1146 4110 et
1160 4057 1233 4126 jure)
1252 4059 1284 4110 fr.
1298 4062 1324 4110 4.
1337 4074 1377 4126 pr.

336 4136 371 4216 l).
383 4135 430 4188 lx.
444 4141 469 4188 2.
487 4138 531 4205 (etl
543 4139 595 4206 leg.
608 4139 711 4206 Aquil.)
949 4151 953 4160 '
