3109 5292
833 546 897 615 130

344 729 466 794 iunctus
487 729 559 811 fuit,
581 737 632 792 ant
652 729 792 810 personis
813 728 970 811 sanguinis
990 729 1112 792 vinculo
1132 729 1160 792 ei
1177 731 1309 812 junctis,
1336 735 1386 791 aut

344 835 544 915 eisdemque,
560 832 598 897 ad
613 851 690 915 quos
706 841 805 896 morte
821 851 877 896 sua
892 832 959 896 illas
975 833 1106 896 transire
1116 833 1219 896 voluit.
1245 833 1386 906 Quicun-

344 957 403 1019 que
420 956 472 1000 eas
489 956 559 1000 suas
576 938 706 1002 faciendi
721 941 773 1021 jus
790 937 893 1016 habet,
918 946 1004 1000 corte
1016 940 1088 1021 jure
1103 938 1188 1000 civili
1205 955 1257 1000 eos
1273 938 1385 1018 aequi-

344 1061 416 1105 rere
432 1042 580 1106 dioendns
597 1051 652 1105 est
682 1043 748 1104 Nec
764 1059 895 1122 unquam
911 1041 1074 1104 dubitatum
1092 1049 1155 1120 est,
1180 1059 1236 1125 per
1253 1039 1384 1104 heredi-

343 1154 433 1208 tatem
451 1149 670 1228 acquisitiones
693 1148 743 1211 vel
765 1165 806 1208 ex
830 1146 932 1228 legato
950 1147 1029 1228 juris
1052 1147 1149 1209 civilis
1174 1165 1254 1209 esse.
1293 1145 1385 1208 Adeo

343 1270 451 1315 verum
468 1261 530 1330 est,
554 1261 683 1333 quatuor
703 1252 769 1313 istis
792 1249 889 1312 modis
910 1252 1015 1312 mortis
1031 1269 1122 1313 causa
1139 1251 1257 1332 acquiri
1278 1267 1384 1332 posse,

342 1363 376 1418 ut
393 1357 462 1417 olim
479 1356 557 1437 apud
570 1356 720 1417 Romanos
737 1362 768 1416 et
783 1355 853 1416 alibi
869 1373 964 1436 usque
981 1356 1017 1417 ad
1032 1355 1170 1418 hodierni
1186 1363 1327 1438 tempora
1343 1355 1386 1418 illi

344 1480 450 1524 omnes
471 1464 501 1523 in
521 1479 579 1524 usu
598 1461 719 1524 inerint.
757 1461 842 1523 Licet
864 1463 943 1523 enim
963 1459 1164 1523 hereditatem
1182 1461 1234 1522 vel
1251 1461 1386 1542 legatum

267 1555 275 1566 “
342 1568 505 1646 acquirere
515 1574 629 1647 posset,
641 1567 690 1628 cni
701 1585 737 1627 ea
748 1567 857 1628 relicta
868 1573 965 1644 erant,
976 1573 1028 1654 aut
1038 1567 1063 1627 si
1074 1566 1234 1627 intestatus
1245 1566 1318 1645 quis
1326 1563 1386 1626 de-

343 1671 473 1732 cesserit
488 1671 529 1730 ibi
545 1670 592 1731 sni
606 1669 739 1732 heredes
757 1671 889 1751 proximi
904 1671 1015 1753 agnati,
1032 1670 1122 1732 immo
1137 1671 1210 1750 jure
1227 1667 1386 1750 praetorio

342 1776 473 1855 proximi
489 1775 618 1856 cognati,
641 1775 738 1854 iisque
756 1775 967 1837 deficientibus
984 1773 1032 1838 vir
1047 1783 1098 1836 aut
1113 1790 1205 1851 uxor,
1223 1774 1386 1836 nilominus

342 1877 496 1939 hereditas
508 1895 564 1958 pro
577 1895 612 1939 re
624 1866 736 1939 nullius
749 1878 927 1956 habebatur,
941 1887 972 1940 et
981 1875 1107 1959 quilibet
1121 1877 1191 1939 olim
1207 1875 1278 1957 quid
1295 1893 1337 1938 ex
1349 1894 1387 1938 ea

342 1984 540 2064 occupaverit
561 1982 661 2044 annali
684 1985 881 2064 possessione
904 1983 1045 2062 usuccpit
1057 1980 1096 2057 1);
1122 1989 1153 2043 ct
1179 1980 1296 2060 siquis
1320 1981 1386 2042 sine

343 2084 506 2148 heredibus
518 2085 707 2164 decesserat,
721 2064 801 2150 bona
814 2089 882 2170 eJns
892 2087 1028 2151 vacantia
1040 2085 1116 2149 usco
1126 2093 1214 2148 erant
1230 2085 1387 2165 acquisitu

409 2189 552 2253 Similiter
574 2190 651 2270 apud
675 2191 805 2270 populos
826 2193 1016 2253 recentiores
1037 2199 1087 2254 aut
1107 2190 1273 2252 heredibus
1294 2189 1388 2252 ade-

345 2293 449 2354 iunclo
472 2295 613 2356 institutis
639 2302 691 2356 aut
715 2295 823 2375 quibus
848 2293 919 2376 lege
944 2293 1082 2356 defertur
1106 2291 1275 2370 hereditaS,
1307 2292 1388 2354 bonu

343 2395 425 2458 illius
438 2398 646 2478 acquiruntur,
664 2405 725 2475 aut,
740 2397 831 2460 nullis
847 2397 1010 2460 heredibus
1021 2397 1146 2476 relictis,
1161 2396 1251 2473 iisco;
1270 2404 1303 2458 et
1313 2397 1388 2459 licet

342 2499 432 2581 hujus
457 2500 643 2563 succedendi
665 2501 796 2581 ordinis,
820 2510 854 2564 ut
878 2502 1005 2564 inierius
1029 2500 1200 2565 videbimus
1214 2507 1273 2576 ’(ς.
1293 2501 1386 2576 125.)

332 2604 525 2684 aequissima
541 2605 580 2666 sit
595 2606 685 2684 ratio,
703 2623 809 2668 omnes
824 2613 923 2667 tamen
939 2606 998 2668 hae
1011 2606 1117 2668 mortis
1135 2623 1227 2668 causa
1237 2607 1387 2687 capiones

338 2708 419 2789 juris
436 2706 534 2771 civilis
551 2727 608 2772 sen
622 2711 746 2790 positivi
762 2727 834 2772 esse
851 2728 867 2771 a
884 2710 1003 2772 nemine
1019 2710 1128 2792 negari
1144 2717 1256 2792 potest

411 2817 447 2886 c)
469 2812 583 2875 Rerum
599 2813 924 2894 acquisitiones-quae
939 2815 1025 2896 longi
1040 2815 1186 2895 temporis
1203 2811 1386 2896 praescrip·-

343 2919 424 2978 tione
446 2917 660 2998 perficiuntur,
685 2919 807 2981 omnino
823 2919 895 3000 jure
917 2919 998 2980 civili
1020 2936 1092 2981 esse
1116 2917 1323 2994 introductas,
1347 2929 1386 2978 ne

344 3019 473 3084 dominia
489 3021 600 3083 diutius
615 3020 646 3080 in
661 3020 778 3083 incerto
795 3017 894 3100 essnt,
916 3024 978 3104 jwam
994 3029 1120 3084 veteres
1140 3021 1335 3086 tradiderunt
1345 3018 1385 3100 ²),

343 3143 401 3186 neo
418 3144 549 3206 uuquam
565 3125 799 3188 dubitatumest.

411 3215 552 3308 Sequitur
577 3248 617 3292 ex
642 3228 689 3292 bis
710 3231 865 3310 omnibns,
893 3231 1013 3294 dominii
1037 3231 1255 3312 acquisitiones
1280 3245 1387 3294 omnes

345 3339 395 3394 ant
410 3333 564 3394 naturales
581 3341 632 3395 aut
647 3333 755 3396 mixtas
771 3351 842 3396 csse
859 3343 910 3397 unt
926 3336 1042 3398 civiles.

414 3435 485 3498 102.
509 3437 666 3518 Superest,
691 3445 725 3499 ut
746 3437 792 3499 de¹
807 3441 963 3520 personis,
987 3441 1107 3521 quibus,
1125 3441 1210 3504 etde
1227 3429 1334 3519 rebus,
1356 3440 1386 3502 in

344 3543 453 3623 quibus
470 3541 632 3604 dominium
648 3541 764 3621 acquiri
780 3550 890 3623 potest,
906 3543 1072 3609 videamus.

411 3651 446 3722 a)
470 3644 713 3708 Constat-autem
734 3662 775 3707 ex
796 3647 847 3726 iis,
869 3667 946 3730 quae
967 3667 1059 3731 supra
1081 3653 1128 3724 (ᾖ
1145 3645 1216 3724 75.)
1240 3647 1387 3726 diximus,

340 3752 402 3832 jus,
424 3769 477 3813 res
500 3751 643 3832 legitimis
666 3750 761 3813 modis
785 3754 979 3834 acquirendi,
1004 3755 1143 3816 omnibus
1158 3760 1286 3833 patere,
1312 3761 1345 3816 et
1360 3755 1388 3816 si

344 3855 410 3934 quis
425 3854 514 3936 hujus
530 3856 687 3935 potestatis
703 3875 819 3938 expers
841 3860 895 3937 sit,
917 3875 985 3920 eum
1001 3857 1150 3940 singulari
1168 3857 1243 3939 jure
1260 3873 1301 3921 eo
1317 3855 1388 3940 pri·

345 4003 579 4014 ——--..-..

401 4093 425 4156 l)
445 4093 517 4156 uaji
536 4094 623 4144 instit.
635 4095 670 4144 11.
690 4098 713 4156 §-
726 4097 840 4147 52-57.

399 4179 426 4243 2)
444 4179 486 4229 Fu.
502 4183 514 4226 1
528 4181 561 4231 D.
580 4183 623 4230 41.
636 4182 659 4231 3.
673 4180 716 4246 (do
727 4198 820 4252 usurp.
833 4190 859 4236 et
870 4185 993 4252 usucap.)
