3109 5292
324 735 429 820 eoo)
445 751 477 808 at
488 750 523 806 ut
536 759 595 823 pro
610 740 753 804 libertate
767 737 808 802 sit
820 735 943 800 licentia
961 733 1001 814 ¹),
1023 735 1054 798 in
1069 753 1129 817 qua
1143 735 1210 818 ipsa
1225 734 1379 817 tyrannis·

324 851 461 934 gignitur
479 855 512 912 et
533 845 727 929 injustissima
747 850 780 904 et
803 841 965 906 durissima
986 842 1120 906 servitus
1144 841 1233 916 (ibid.
1251 859 1277 903 o.
1292 839 1365 915 44.)

324 955 414 1030 Quod
429 973 498 1019 cum
511 954 552 1016 ita
566 953 620 1015 sit:
636 949 791 1012 extribus
806 947 1068 1030 prioribuslongc
1084 954 1219 1028 praestat
1233 947 1364 1030 regium,

323 1062 412 1145 regio
426 1067 529 1123 antem
544 1059 612 1139 ipso
628 1053 796 1136 praestabit
810 1050 854 1130 id,
880 1050 962 1131 quod
984 1052 1045 1114 crit
1059 1059 1220 1132 aequatum
1236 1057 1268 1114 et
1280 1059 1365 1112 tem*

323 1175 462 1250 peratum
478 1183 520 1230 cx
535 1163 632 1226 tribus
647 1161 766 1242 optimis
782 1173 883 1219 rerum
898 1155 1121 1236 republioarum
1142 1155 1249 1218 modis.
1280 1155 1365 1219 Haeo

324 1274 404 1336 enim
421 1268 596 1334 constitutio
615 1265 707 1330 babet
725 1263 940 1346 aequalitatem
960 1262 1111 1341 quandam
1130 1277 1281 1345 magnam,
1305 1279 1366 1342 qua

297 1436 300 1441 .
325 1377 437 1440 diritius
453 1391 561 1436 cerere
576 1372 630 1436 vix
645 1375 774 1452 possunt
788 1366 888 1444 liberi,
904 1364 1014 1428 deinde
1030 1365 1251 1429 firmitudinem.
1274 1366 1366 1440 onon

324 1489 356 1544 et
370 1480 421 1544 illa
435 1479 533 1561 prima
547 1475 638 1538 lacile
652 1475 683 1536 in
698 1472 849 1535 contraria
865 1471 936 1533 vitia
952 1479 1181 1549 convertuntur,
1203 1479 1236 1534 ut
1252 1471 1366 1532 existat

325 1605 365 1650 ex
381 1602 459 1667 rege
475 1583 626 1658 dominus,
645 1597 687 1641 ex
702 1575 896 1658 optimatibus
912 1575 1020 1654 lectio,
1043 1593 1083 1637 ex
1099 1575 1212 1657 populo
1227 1576 1316 1638 turba
1332 1583 1365 1638 et

307 1694 309 1697 ’
324 1689 474 1765 contusio,
482 1685 625 1768 quodque
634 1685 700 1765 ipsa
715 1699 833 1765 genem
849 1680 1015 1762 generibus
1031 1697 1127 1762 saepe
1144 1688 1368 1744 commutantur

324 1793 427 1854 novis:
450 1791 510 1854 boe
524 1791 556 1851 in
576 1789 632 1851 bac
649 1789 756 1869 juncta
775 1784 993 1864 moderateque
1015 1785 1169 1866 permixta·
1187 1785 1367 1848 conforma-

325 1897 407 1960 tione
436 1893 623 1974 reipublicae
647 1908 709 1954 non
732 1891 830 1953 ferme
857 1891 924 1952 sine
952 1891 1068 1973 magnis
1092 1890 1259 1971 principum
1283 1891 1367 1952 vitiis

326 2001 437 2062 evenit
461 1998 528 2060 Non
544 2004 593 2059 cst
608 1997 689 2058 enim
703 2011 795 2056 causa
812 1994 1032 2072 conversionis,
1049 1993 1101 2058 obi
1116 1995 1147 2056 in
1163 2011 1220 2057 suo
1237 1994 1368 2075 quisquc

328 2110 377 2167 est
391 2101 490 2186 gradu
509 2101 638 2164 tirmiter
660 2099 829 2162 collocatus
846 2105 876 2160 et
890 2114 950 2161 non
966 2100 1081 2177 subest,
1106 2116 1167 2180 quo
1188 2099 1372 2181 praecipitet

327 2216 360 2271 et
374 2205 513 2270 lecturo<
524 2205 566 2280 2).

396 2309 468 2373 lto.
490 2310 566 2373 lllod
587 2317 690 2373 autem
714 2309 772 2372 boe
798 2310 867 2372 loco
893 2307 1068 2391 diligentius
1093 2309 1289 2372 tractandum·
1306 2318 1369 2372 est:

326 2414 447 2497 quando
470 2416 569 2496 aliqua
593 2415 723 2477 civitatis
743 2414 840 2476 forma
859 2416 942 2495 justa
958 2415 996 2476 sit
1015 2413 1176 2478 habenda?
1200 2433 1236 2477 ac
1252 2416 1383 2496 justum

326 2520 446 2602 quidem
463 2518 523 2581 diei
537 2519 653 2581 debere
668 2516 792 2580 videtur
807 2517 958 2600 regimen,
972 2519 1054 2598 quod
1066 2520 1150 2599 juste
1166 2519 1216 2580 vel
1232 2519 1369 2601 legitime

327 2625 521 2701 constitutum
532 2624 580 2702 sit,
588 2641 648 2684 nec
663 2622 740 2685 lines
755 2623 917 2703 potestatis
931 2639 1007 2685 suae
1022 2621 1275 2704 transgrediatur.
1306 2621 1369 2684 Sed

326 2729 448 2792 multum
464 2728 646 2809 disputatur,
667 2727 857 2809 quandonam
874 2727 999 2810 alicujus
1015 2728 1119 2810 populi
1139 2728 1296 2809 imperium
1317 2727 1370 2788 le-

327 2835 431 2917 gitima
447 2833 641 2896 constitutum
657 2833 818 2897 dicendum
835 2833 896 2922 siti
918 2832 993 2895 Sunt
1013 2833 1064 2912 qui
1080 2832 1171 2894 tot'ms
1187 2832 1294 2914 populi
1309 2849 1370 2894 vo-

326 2939 472 3002 lantatem
488 2938 662 3018 expressim
677 2935 866 3002 manifestam
887 2954 944 3019 pro
966 2936 1031 3000 solo
1053 2933 1246 3000 fundamento
1269 2939 1370 3000 omnis

326 3042 469 3124 publicae
484 3042 646 3123 potestatis
661 3042 799 3121 habeant,
813 3044 839 3104 si
849 3041 971 3122 quidam
986 3059 1074 3106 omne
1086 3044 1139 3124 jus
1154 3057 1242 3108 suum
1258 3059 1370 3104 omne-

328 3163 389 3226 que
412 3147 573 3226 impcriom
594 3147 624 3208 in
646 3145 866 3228 pubemantcm
887 3146 1034 3210 conterat
1077 3146 1142 3208 lloc
1165 3148 1370 3210 damnatione

327 3249 379 3312 vel
396 3255 565 3310 eontracta
581 3253 702 3327 romeli,
723 3259 956 3331 quamverum,
978 3251 1044 3314 lieri
1060 3250 1186 3328 docent,
1211 3257 1243 3312 et
1257 3250 1372 3331 triplici

328 3361 429 3436 pacto,
451 3355 576 3414 unionis
595 3355 714 3417 seilicet
733 3357 970 3417 eonatinttionia
991 3359 1061 3432 (oet
1081 3354 1316 3430 ordininationis)
1335 3361 1369 3413 ot

329 3461 549 3533 subiectionum
565 3461 664 3540 primo
672 3461 804 3522 civitatis
815 3462 938 3539 initium,
948 3461 1042 3524 altero
1051 3462 1117 3542 ejus
1130 3460 1268 3537 formam,
1278 3460 1371 3521 tertio

329 3562 486 3643 imperium
502 3565 645 3626 constitui
661 3563 773 3628 dicunt
809 3565 953 3629 Nonnulli
976 3566 1066 3648 hujus
1089 3565 1240 3646 opinionis
1261 3571 1371 3627 scota-

384 3765 409 3830 l)
427 3767 502 3816 Haec
519 3765 636 3818 mirabili
654 3767 872 3834 mododepingil
890 3766 1040 3818 (licetoib.
1059 3782 1117 3834 oap-
1136 3770 1178 3818 43.
1271 3805 1274 3810 -

382 3852 409 3921 2)
427 3855 487 3907 Non
505 3853 592 3904 solum
615 3854 769 3904 Ciceronem
787 3855 834 3906 sed
853 3863 878 3908 et
897 3856 988 3922 plures
1011 3871 1167 3922 graecorum
1190 3855 1368 3923 philosophos

328 3941 439 3990 mixtam
457 3939 712 4006 rerumpublicarum
729 3941 840 3992 formam
860 3942 1046 4008 comprobasse
1065 3943 1108 3993 vel
1126 3943 1261 4004 laudasse,
1283 3943 1368 3993 veluti

328 4025 473 4089 Platonem,
480 4024 657 4088 Aristotelem,
670 4027 749 4077 immo
763 4026 941 4093 etPolybium
953 4044 1039 4096 nuper
1051 4029 1080 4079 in
1092 4030 1210 4080 oratioue
1224 4029 1366 4102 elegantis·

330 4113 396 4163 sime
408 4115 509 4178 scripto
527 4113 650 4164 exhibuit
663 4113 776 4164 Carolus
794 4112 873 4176 Zell,
892 4114 1040 4166 litterarum
1058 4116 1232 4166 humanorum
1251 4117 1279 4166 in
1299 4109 1370 4167 Aea-¹

330 4200 417 4252 demis
428 4199 650 4266 Heidelbergensi
660 4206 717 4251 tum
729 4201 874 4268 professor:
893 4199 1087 4268 Heidelberpua
1103 4203 1177 4254 1oo1.
