3109 5292
867 587 912 654 84

371 769 439 834 ham
455 773 495 843 (†
513 766 616 844 1832)
635 767 664 843 1)
680 767 853 832 universam
867 763 948 828 illam
965 764 1004 828 de
1018 765 1091 826 terni
1105 762 1273 827 doctrinm
1288 764 1319 828 in
1333 762 1410 825 artis

371 873 527 937 formulam
544 874 673 956 redegit,
691 889 818 952 eamque
834 870 864 932 in
881 869 956 932 duas
971 877 1073 950 partes
1088 867 1274 948 dispertivit,
1294 868 1325 929 in
1340 868 1411 929 sci-

318 959 322 972 ¹
371 979 499 1057 entiam,
523 979 620 1040 bonas
643 976 731 1058 leges
754 973 893 1052 ferendi,
916 981 948 1036 et
971 972 1409 1046 vendoniensium

370 1083 449 1146 bene
467 1101 503 1145 ac
517 1083 606 1146 beate
622 1079 754 1145 vivendi.
785 1079 948 1158 Utriusque
963 1076 1043 1140 idern
1064 1075 1308 1154 laudamentum,
1329 1077 1410 1138 haec

370 1203 446 1250 vero
471 1187 559 1248 letius
583 1203 671 1267 quam
691 1184 742 1248 illa
768 1192 860 1264 patet
896 1182 974 1246 Sunt
996 1189 1098 1244 nutem
1119 1180 1274 1244 Bentlrami
1298 1179 1411 1262 phcita

370 1289 437 1354 lere
454 1290 544 1353 haec:

435 1393 551 1456 Natura
566 1393 731 1474 voluptatis
748 1401 779 1454 et
794 1391 908 1455 doloris
921 1390 1052 1470 irnperio
1067 1389 1217 1452 hominem
1226 1387 1358 1470 subjecit
1364 1385 1410 1465 ¹),

370 1497 481 1578 quippe
506 1497 558 1577 qni
582 1496 661 1558 illam
685 1504 837 1576 tanquam
859 1494 971 1556 bonnm
993 1502 1137 1574 quaerat,
1159 1494 1241 1556 lunc
1254 1501 1411 1573 tamquam

369 1600 480 1664 malurn
496 1600 601 1683 lugiet.
630 1599 784 1680 Quidquid
800 1599 838 1662 ad
854 1599 934 1662 illam
950 1598 1183 1679 comparandam
1197 1605 1230 1661 et
1244 1597 1283 1660 ad
1299 1596 1411 1660 malum

371 1703 569 1771 avertendum
585 1704 722 1786 prodest,
733 1703 815 1766 idem
831 1712 864 1766 et
876 1704 952 1767 utile
967 1705 1035 1766 sive
1051 1721 1069 1765 e
1085 1721 1121 1765 re
1135 1710 1241 1764 nostra
1256 1718 1329 1766 esso
1344 1719 1410 1781 pu·

370 1809 491 1872 tandum
507 1817 562 1871 est.
601 1807 690 1880 Quod
706 1817 804 1871 numm
819 1807 938 1870 utilitati
952 1815 1075 1869 nostrae
1090 1806 1197 1885 servit,
1222 1805 1412 1878 felicitatem

370 1913 456 1976 nobis
472 1911 573 1990 allent,
589 1911 732 1992 adquam
748 1911 986 1992 adipiscendam,
1002 1909 1222 1986 stabiliendam,
1237 1905 1412 1990 aagendam

370 2017 400 2080 in
416 2016 555 2080 omnibus
571 2015 740 2080 actionibus
762 2016 901 2078 homines
921 2023 1075 2095 perpetuo
1090 2013 1224 2077 tendunt
1260 2011 1311 2075 Sic
1326 2010 1413 2074 nulla

371 2129 418 2184 cst
433 2121 512 2184 actio
528 2120 620 2198 bona,
634 2120 728 2200 proba
744 2129 797 2184 aut
808 2123 901 2202 justa,
922 2120 994 2199 quin
1010 2117 1119 2181 endem
1132 2118 1222 2178 utilis
1236 2116 1293 2193 sit,
1316 2112 1412 2176 ideo-

370 2242 430 2304 que
445 2242 503 2286 nec
518 2224 616 2286 virtus
632 2239 704 2286 esso
720 2225 787 2287 sinc
803 2224 938 2286 utilitatis
953 2222 1055 2286 iruetu
1069 2222 1132 2285 ullo
1146 2228 1238 2304 pacto
1253 2226 1360 2301 potest
1367 2214 1412 2291 ³).

370 2325 430 2391 Sed
444 2328 476 2388 in
491 2343 546 2404 eo,
570 2326 641 2406 quid
657 2344 694 2388 re
709 2345 785 2390 vera
800 2328 840 2388 sit
854 2327 944 2404 utile,
969 2325 1160 2408 dijudicando
1174 2325 1313 2388 honines
1326 2340 1413 2403 quo-

372 2429 444 2492 tidie
459 2428 614 2506 lalluntnr‚
631 2429 709 2492 adeo
725 2437 772 2508 ut,
796 2430 867 2493 dum
882 2447 991 2493 errore
1007 2429 1089 2494 ducti
1104 2436 1251 2511 appetant
1264 2427 1415 2508 volupta-

371 2539 447 2610 tem,
472 2532 595 2596 dolores
620 2533 677 2595 sibi
700 2532 836 2596 afferant
874 2532 1004 2614 Oportet
1026 2549 1105 2614 ergo
1128 2533 1269 2615 singulos
1294 2530 1414 2607 doceri,
1526 2514 1527 2529 ¹

272 2713 273 2717 Ἰ
372 2637 491 2718 quinam
507 2637 624 2717 possint
638 2653 713 2700 vera
729 2637 908 2700 discernere
923 2654 941 2698 n
958 2636 1053 2714 salsis,
1068 2637 1099 2700 id
1113 2636 1197 2716 qnod
1211 2636 1245 2698 it
1258 2636 1290 2698 in
1305 2633 1415 2715 pbilo-

372 2740 498 2822 sophiae
522 2741 645 2804 moralis
673 2739 850 2822 disciplina,
874 2759 950 2821 quae
977 2739 1098 2820 quidem
1127 2747 1190 2804 tuta
1220 2738 1415 2815 pnsdenttne

372 2845 546 2926 praeceptis
563 2844 734 2908 continetur
741 2842 783 2917 4).
806 2845 862 2908 Est
878 2854 977 2908 nutem
993 2848 1051 2909 ista
1066 2845 1192 2927 duplex,
1207 2853 1240 2906 et
1251 2859 1415 2921 perronn-
1527 2936 1528 2939 Ἴ

429 2987 453 3051 1)
471 2987 503 3034 ln
516 2987 673 3053 exponenda
684 2987 824 3038 Benthami
841 2989 873 3039 de
891 2990 951 3039 utili
964 2990 1086 3041 doctrina
1103 3007 1182 3058 opera
1197 2995 1300 3040 tantum
1312 2985 1415 3055 gallice
1527 2984 1528 2987 ¹

374 3089 392 3124 1
401 3073 534 3138 telephum
547 3075 665 3126 Dum0nt
678 3081 704 3124 et
716 3076 745 3124 B.
759 3076 880 3126 Iaroclre
892 3078 964 3127 edite
975 3077 1110 3139 habemus,
1128 3078 1147 3126 i.
1160 3093 1183 3126 e
1198 3075 1288 3126 Tradet
1297 3075 1330 3127 de
1339 3075 1414 3142 liqie

374 3156 456 3208 lmion
467 3158 538 3212 civile
550 3160 682 3224 apeme.
700 3161 748 3212 Ed.
763 3166 805 3213 20.
825 3163 923 3215 Omine
941 3167 1018 3215 1820.
1035 3162 1201 3229 Deoruolepie
1215 3180 1250 3215 ou
1266 3163 1362 3214 edente
1378 3163 1415 3214 de

374 3243 401 3294 ln
412 3245 508 3294 morale
515 3245 616 3310 penne
622 3264 678 3312 par
689 3247 727 3299 M.
740 3248 865 3316 Bourinp
876 3259 900 3300 et
910 3249 1023 3300 tradeite
1029 3266 1085 3315 par
1096 3249 1222 3302 Laroclte.
1239 3248 1318 3300 Poris
1332 3253 1414 3300 18³4.
1518 3276 1520 3278 v

375 3331 524 3382 Novissime
545 3333 615 3398 apud
628 3336 772 3385 Germanos
792 3336 933 3387 Benthemi
952 3337 1098 3387 doctrinam
1118 3337 1313 3403 elegantissime
1332 3352 1415 3402 expo-

374 3421 428 3470 suit
446 3419 645 3486 rectissimeque
658 3421 814 3486 dijudicavit
827 3423 854 3473 J.
867 3424 901 3472 H.
914 3423 1040 3488 Fichte,
1056 3423 1139 3474 Ethik
1152 3425 1182 3473 T.
1195 3423 1216 3473 1.
1229 3440 1273 3488 pp.
1287 3423 1336 3473 591
1352 3439 1413 3488 sqq.

374 3506 469 3556 Latino
483 3519 601 3558 sermone
614 3507 752 3558 Benthami
765 3509 797 3559 de
810 3509 872 3559 ntili
884 3509 1030 3560 doctrinam
1043 3507 1287 3560 oecumenem.
1301 3509 1333 3558 de
1345 3509 1414 3558 Bur-

374 3591 430 3644 lett.
454 3593 646 3644 Amstelodami
661 3597 736 3646 1820.

428 3681 454 3745 2)
473 3681 506 3730 D.
519 3681 623 3731 Burlett
635 3698 660 3747 p.
677 3686 716 3732 10.

428 3767 455 3832 3)
474 3767 578 3818 Etenim
591 3785 667 3818 nemo
679 3770 731 3818 nisi
745 3770 843 3818 virtute
855 3770 967 3836 insignis
980 3777 1138 3836 potestesse
1151 3769 1224 3834 felix,
1236 3785 1269 3820 cx
1281 3769 1411 3822 tdmtnte

375 3859 463 3903 autem
474 3854 594 3904 homines
607 3856 736 3906 utilitates
750 3857 859 3921 capiunt
871 3857 1008 3906 maximas.

427 3941 455 4006 l)
473 3941 614 3990 Benthomi
626 3942 739 3992 formula
750 3943 818 3992 haec
831 3948 885 3992 est:
904 3943 931 3992 si
952 3959 984 3992 ex
1002 3942 1106 3992 duobus
1125 3941 1221 4008 agendi
1239 3939 1338 4004 modis,
1357 3939 1412 3991 sibi

376 4029 513 4092 oppositis,
528 4028 650 4092 judicare
662 4029 737 4092 velis,
755 4036 815 4080 uter
826 4031 863 4080 sit
874 4029 1067 4095 praeferendus,
1080 4035 1216 4095 computas
1228 4043 1321 4079 eomm
1332 4027 1411 4078 effec-

375 4122 431 4176 tas,
450 4121 476 4166 et
494 4115 578 4182 illum,
596 4118 643 4182 qui
659 4119 803 4170 maximnm
822 4118 873 4169 tibi
891 4117 1045 4168 felicitatem
1057 4115 1161 4179 afferet,
1180 4115 1273 4180 eligas.
1297 4115 1412 4166 umus

376 4199 424 4250 lett
442 4216 467 4266 p.
487 4202 529 4251 50.
