3109 5292
658 525 724 599 lii

171 709 267 774 maela
283 717 316 774 et
328 709 486 774 curatione
498 708 697 791 reliquerunt,
707 727 784 792 quas
797 710 827 773 ln
839 709 1014 776 civitrtv'nns
1025 711 1105 776 hmo
1119 707 1208 776 ordi·

172 814 252 878 nude
267 814 380 894 ultique
394 813 501 876 imitari
516 812 627 876 solent

242 916 316 981 teo.
337 917 419 981 Inter
434 935 584 1000 personas
597 917 635 980 ab
649 915 756 980 iisdem
771 919 945 1001 parentibus
961 925 1048 982 natas
1062 917 1209 982 naturalia

172 1039 247 1088 esse
265 1023 344 1086 solet
362 1021 533 1106 conjunctio
551 1023 603 1086 vel
621 1023 836 1087 necessitudo:
856 1043 916 1106 qus
939 1025 1051 1114 simius
1073 1024 1154 1087 inter
1173 1039 1209 1086 re

172 1127 385 1205 eontinentur,
405 1135 438 1190 ot
451 1144 544 1189 unum
560 1127 648 1209 quasi
668 1145 784 1209 corpus
800 1129 996 1192 constituunt
1034 1126 1108 1190 Inde
1131 1143 1208 1189 con·

173 1234 376 1308 amramitas
391 1248 448 1295 seu
463 1234 620 1311 tornatio.
644 1231 734 1315 Apud
749 1251 855 1296 omnes
870 1231 938 1295 iere
953 1231 1084 1314 populos
1100 1249 1137 1295 ea
1153 1247 1208 1314 pro

175 1336 324 1420 peculiari
340 1334 567 1401 necessitudine
582 1335 725 1415 hahetur,
748 1355 825 1418 quae
841 1338 871 1400 in
882 1339 954 1421 jure
970 1354 1030 1399 non
1049 1335 1162 1400 sineri
1178 1341 1210 1400 el

175 1440 287 1506 ellectu
308 1451 364 1505 est
400 1441 498 1524 liajor
518 1441 598 1504 enim
619 1448 667 1504 est
685 1440 901 1504 benevolentia
922 1442 1002 1504 inter
1016 1441 1152 1504 homines
1168 1459 1209 1504 ex

176 1545 283 1608 eadem
301 1553 429 1628 parente
445 1553 532 1608 natos
547 1553 580 1607 et
595 1543 684 1608 mavul
699 1543 853 1608 educatos.
884 1543 958 1607 Sunt
973 1545 1031 1609 sibi
1047 1544 1209 1608 similiores

175 1657 208 1714 et
221 1649 378 1713 utilitatum
394 1647 543 1731 quaedam
559 1647 755 1710 communitas
768 1665 823 1710 eos
835 1655 869 1711 ut
884 1649 940 1712 sibi
956 1650 1112 1730 proximos
1130 1666 1209 1712 eon·

174 1753 280 1818 sociat
302 1751 377 1817 lude
392 1760 495 1816 mutua
510 1754 589 1815 inter
604 1771 638 1815 se
654 1751 783 1814 invicem
800 1751 908 1814 tutela:
924 1751 994 1815 inde
1010 1753 1039 1814 in
1055 1752 1134 1816 bona
1151 1771 1209 1835 ps·
1227 1799 1231 1811 .

174 1865 294 1922 rentum
306 1865 338 1920 et
353 1859 562 1939 proximorum
576 1855 734 1921 successio
745 1863 777 1918 et
788 1857 840 1939 jus
853 1855 1075 1920 hereditarium.
1091 1855 1209 1920 Paren-

174 1969 223 2026 tes
237 1961 325 2025 lronis
339 1960 533 2044 acquirendis
552 1979 615 2024 non
635 1961 694 2024 sibi
708 1959 765 2024 soli
787 1960 842 2023 sed
860 1962 924 2024 suis
939 1962 1029 2023 etiam
1045 1960 1210 2026 consulere

169 2065 304 2130 ‘sudent
340 2064 413 2129 lnde
428 2065 580 2150 legitimae
596 2066 744 2147 portionis
760 2065 866 2129 liberis
882 2064 1080 2148 reliquendae
1096 2081 1209 2130 neccs-

174 2171 251 2235 sitas
265 2171 462 2254 plurimarum
478 2173 613 2254 gentium
629 2170 750 2254 legibus
767 2172 892 2233 sancita.
931 2170 1096 2250 Quousque
1110 2177 1211 2233 tamen

171 2275 226 2358 jars
241 2274 424 2337 mecedendi
440 2276 579 2358 cognatis
594 2292 635 2338 ex
650 2275 748 2338 latore
759 2275 874 2358 junctis
891 2281 997 2356 patere
1013 2273 1135 2349 debeat,
1151 2288 1211 2336 nou

175 2396 217 2442 ex
239 2395 357 2442 summo
378 2379 482 2460 aliquo
500 2381 579 2463 juris
598 2387 767 2462 praecepto
787 2377 904 2442 deliniri
923 2386 1032 2462 potest.
1068 2377 1212 2444 restandi

174 2500 296 2565 quoque
309 2485 361 2567 jus
371 2483 519 2548 *civilibus
535 2491 648 2546 numm
663 2482 784 2566 legibus
804 2483 856 2546 niti
874 2481 1035 2544 dicendum
1050 2499 1107 2544 nec
1123 2500 1142 2545 a
1157 2499 1211 2544 ra-

173 2577 258 2651 done
275 2587 406 2652 alienum
420 2595 513 2667 esset,
525 2589 553 2650 si
566 2587 755 2650 hereditates
765 2604 884 2666 eorum,
895 2587 945 2668 qui
958 2587 1024 2650 sine
1041 2586 1145 2650 liberis
1161 2593 1213 2650 aot

173 2690 425 2775 parentibus-nec
444 2710 546 2756 uxore
566 2692 677 2754 relicta
698 2690 864 2769 decedunt,
887 2691 963 2754 lisoo
986 2690 1214 2756 vindicarentur

174 2813 232 2878 pro
248 2797 385 2860 universi
401 2797 507 2879 populi
522 2797 661 2860 utilitate.

244 2899 329 2963 Bona
344 2918 361 2962 a
378 2899 522 2964 defuncto
542 2901 647 2981 aliquo-
663 2899 770 2963 relicta
790 2899 832 2962 nil
853 2899 934 2964 uliud
956 2907 1027 2964 sunt
1042 2899 1099 2963 nisi
1115 2898 1214 2981 patri-

76 3087 80 3092 .
176 3004 268 3066 monii
284 3005 352 3086 eius
367 3005 562 3083 universitas,
578 3022 657 3086 quae
672 3004 777 3082 rebus,
793 3005 964 3067 nominibus
980 3011 1011 3067 et
1026 3021 1102 3066 rere
1116 3002 1214 3066 alieno

174 3108 213 3171 alt
228 3125 268 3171 eo
281 3105 441 3172 'contracto
457 3117 586 3173 constat
610 3108 746 3189 ideoque
760 3109 838 3172 hoec
854 3109 999 3172 omniain
1015 3124 1214 3173 successores

174 3214 243 3296 ejus
258 3220 425 3276 transeunt
464 3213 522 3287 Qui
545 3215 575 3275 in
596 3214 773 3275 universum
793 3213 852 3277 hoc
872 3217 924 3297 jus
945 3213 1100 3291 succedit,
1123 3215 1215 3274 lieres

174 3323 304 3379 vocatur
316 3323 347 3379 et
357 3333 417 3379 non
432 3317 529 3379 solum
543 3317 742 3380 hereditatem
755 3317 941 3398 acquirendo
955 3319 1085 3381 omnium
1102 3333 1214 3395 rerum,

176 3437 252 3502 quas
269 3420 430 3484 defunctus
445 3422 563 3500 habuit,
581 3423 719 3484 dominus
733 3421 782 3499 lit,
805 3421 862 3484 sed
883 3423 973 3484 etiam
994 3441 1034 3482 ex
1049 3421 1215 3506 obligatio·

177 3525 268 3590 nibus
284 3525 322 3588 ab
338 3543 378 3588 eo
393 3526 558 3588 contractis
572 3533 624 3588 aut
640 3541 736 3609 agere
751 3533 805 3588 aut
820 3526 978 3589 conveniri
992 3533 1102 3607 potest
1133 3525 1216 3588 Hanc

174 3630 348 3692 obmosam
360 3627 494 3693 defuncti
505 3632 604 3693 ricem
616 3631 770 3693 sustinere
782 3630 859 3709 sive,
870 3637 903 3692 ut
914 3629 1006 3692 lodie
1016 3627 1128 3705 dicunt,
1138 3645 1215 3710 per-

175 3751 281 3798 sonam
295 3735 365 3816 ejus
377 3742 616 3815 repraesentare
629 3733 750 3813 dicitur,
763 3734 842 3797 adeo
854 3732 988 3814 quidum,
1003 3739 1035 3794 ut
1049 3731 1216 3794 seeundum

175 3836 334 3920 generalia
351 3838 429 3920 juris
450 3845 617 3918 praecepta
642 3835 848 3899 creditoribus
868 3834 1000 3898 defuncti
1026 3834 1115 3896 etiam
1137 3833 1216 3898 ultra

175 3940 260 4004 vires
279 3940 457 4004 hereditatis
472 3939 636 4004 adstrictus
656 3941 704 4003 sit.
735 3939 804 4002 Alia
820 3939 909 4021 plane
933 3945 981 4000 est
999 3937 1216 4020 legatariorum

177 4046 266 4124 ratio,
280 4045 465 4122 iecorum,
481 4046 601 4126 quires
617 4044 753 4128 singulas
767 4051 879 4106 tantum
895 4041 955 4105 sibi
968 4042 1092 4104 relictas
1108 4042 1215 4124 acqui·

178 4158 266 4228 rut,
281 4166 340 4213 nec
355 4167 413 4232 pro
428 4166 502 4212 aere
517 4148 618 4213 alieno
633 4147 772 4213 defuncti
786 4154 938 4212 tenentur⁸
