3109 5292
653 581 698 650 db

157 763 194 823 tir
211 769 241 825 et
256 764 546 840 ectropercosstic;
570 779 612 823 en
627 762 677 824 illu
692 764 919 844 cognoscimus,
942 765 1016 845 qnid
1037 765 1126 828 nobis
1140 765 1193 848 ip-

157 867 209 945 sis,
226 867 339 930 ceteris
355 866 493 928 omnibus
508 865 705 946 posthabitis,
729 867 905 943 conveniet3
928 867 1007 930 baec
1022 869 1052 930 in
1063 871 1194 940 iustitia

157 973 233 1042 (sou
248 969 416 1051 probitate)
433 978 463 1032 ct
478 971 693 1032 benevolentia
708 971 855 1049 consistit,
871 971 888 1033 i.
899 989 927 1033 e.
942 973 973 1035 in
988 991 1061 1037 curu
1078 981 1111 1036 ct
1122 981 1194 1037 slu-

156 1071 219 1151 dlo,
235 1073 378 1138 eliis-non
393 1075 491 1137 solum
507 1092 567 1136 non
581 1073 721 1150 nocendi,
737 1074 795 1136 sed
810 1075 910 1156 potius
924 1075 1137 1139 benefaciendi
1152 1075 1193 1151 ¹).

155 1175 227 1240 Solu
243 1185 345 1242 eutem
353 1177 505 1240 bominum
515 1179 704 1258 privatorum
714 1177 876 1259 prudentie
885 1178 1061 1244 felicitatem
1069 1183 1199 1264 generis

156 1283 278 1346 bumcni
292 1283 413 1344 minime
428 1289 546 1358 tuetur3
571 1289 692 1363 oportet
706 1283 800 1366 igitur
816 1301 883 1344 enm
897 1285 1028 1359 leuibus,
1051 1304 1068 1347 n
1083 1286 1195 1348 civito·

155 1395 219 1451 lum
235 1386 490 1470 gubernatoribus
505 1387 584 1464 lutis,
591 1386 718 1449 stabiliri
734 1395 824 1468 utque
839 1388 958 1469 sugeri,
973 1389 1005 1451 id
1021 1389 1104 1468 quod
1117 1407 1195 1470 pro-

156 1511 250 1574 spere
279 1491 454 1575 procedere
476 1491 597 1572 nequit,
627 1491 686 1554 nisi
712 1491 866 1552 utilitatis
890 1491 999 1574 rogulo
1021 1493 1053 1554 in
1074 1492 1197 1576 legibus

156 1595 291 1660 terendis
306 1611 499 1676 summopere
515 1594 707 1658 observatur.
745 1594 947 1678 Legislutoris
961 1597 1064 1676 itaque
1079 1603 1141 1673 cst,
1165 1605 1199 1660 ut

156 1700 261 1782 populi
276 1698 409 1762 mor-ibus
426 1705 572 1760 occurutc
587 1697 716 1780 cognitis
732 1716 793 1761 non
808 1699 917 1778 solum,
932 1718 1013 1781 quae
1027 1700 1197 1778 sint-utilio,

156 1801 358 1866 oxislimcnds
373 1801 505 1881 meoque
520 1801 692 1882 expetenda
709 1810 761 1865 ent
776 1821 857 1883 quoe
876 1805 1016 1868 nocitura
1036 1803 1198 1868 videantur

156 1905 290 1990 ideoque
306 1906 451 1990 fugiende
466 1906 652 1988 praecipiet,
673 1906 729 1969 sed
752 1908 842 1968 etium
857 1914 892 1970 ut
906 1924 961 1988 spe
978 1887 1128 1971 commodi
1144 1907 1197 1971 iu·

157 2011 234 2090 turi,
260 2011 331 2090 quin
346 2011 436 2074 immo
451 2011 595 2092 praemiis
610 2011 775 2092 propositis
792 2009 830 2072 ud
846 2009 895 2088 id,
918 2011 1000 2091 quod
1015 2011 1089 2073 utile
1105 2019 1153 2072 est
1167 2012 1199 2075 'm

156 2115 219 2180 ritu
245 2123 332 2196 atquc
357 2114 533 2192 honestum,
562 2114 667 2176 incitet
690 2123 721 2176 et
744 2131 911 2194 poenarum
934 2123 1017 2176 metu
1040 2133 1058 2176 a
1080 2114 1198 2176 delictis

143 2217 380 2282 ¹committendis
403 2217 565 2292 delcrrcst.
598 2217 740 2281 Attamen
755 2219 784 2281 ei
800 2219 963 2301 diiigenter
978 2217 1199 2298 explorandum

159 2331 258 2386 estac
274 2320 533 2403 perpendendum,
548 2329 660 2401 utrum,
682 2341 773 2404 quum
789 2323 920 2385 bominis
938 2321 1064 2385 libertus
1078 2321 1201 2404 legibus

158 2429 332 2504 coercetur,
349 2428 378 2488 ci
395 2425 545 2489 commodi
561 2426 674 2506 aliquid
688 2433 835 2488 noscatur
848 2443 908 2486 nec
924 2442 980 2500 ne;
996 2425 1144 2504 inprimis,
1159 2442 1199 2486 nn
1215 2484 1223 2497 ,

158 2547 278 2612 poenae
294 2529 450 2592 sanctione
466 2529 545 2592 melo
562 2529 685 2592 occurri
697 2530 804 2608 possit.
842 2527 987 2591 Bentbem
1011 2529 1121 2610 igitur,
1147 2527 1198 2591 le-

158 2633 339 2716 gislatorem
355 2641 493 2712 unquam
509 2631 662 2694 medicum
679 2647 750 2694 esse
766 2632 823 2708 uit,
843 2649 936 2711 pncm
949 2631 1132 2711 populorum
1146 2632 1198 2693 ri-

157 2738 197 2799 tis
212 2745 246 2800 ut
260 2737 384 2800 morbos
405 2734 548 2798 remediis
573 2733 735 2816 aptissimis
758 2751 884 2810 sunm,
909 2741 942 2796 et
961 2735 1046 2796 melis
1069 2734 1199 2815 publicis

158 2857 344 2916 occurrere,
366 2846 413 2916 et,
437 2837 537 2919 quood
558 2839 626 2902 lieri
641 2840 761 2920 possit‚·
775 2855 864 2920 qucm
879 2839 1029 2900 maximae
1045 2839 1198 2902 bominum

157 2943 254 3026 pertis
286 2942 461 3004 ielicitetem
489 2959 605 3005 summo
637 2960 731 3024 opere
761 2959 880 3025 ungere
909 2949 1050 3024 oportent
1073 2940 1122 3017 '):
1155 2942 1198 3021 id,

156 3045 240 3128 quod
255 3063 315 3108 nec
335 3045 525 3126 nntiputlticis
549 3065 607 3108 nec
631 3046 828 3128 spnrpathicis
850 3047 1043 3126 proeceptis,
1067 3045 1123 3108 sed
1146 3063 1197 3122 co,

157 3149 243 3231 quod
267 3150 298 3212 in
325 3167 504 3229 unoquoque
532 3167 626 3213 cnuss
651 3150 842 3212 utilissimum
868 3147 1026 3226 videntur,
1050 3149 1197 3228 consequi

158 3271 230 3316 eum
252 3270 345 3334 posse
369 3253 550 3316 existiment.
588 3251 691 3333 Stepb.
723 3251 853 3314 Dnmont
876 3251 978 3334 legum
1001 3251 1198 3316 termimum

157 3364 257 3422 ortem
277 3357 487 3431 „Patitolcpic
505 3359 636 3418 mentali
651 3365 681 3420 et
700 3358 875 3432 bysontica
891 3356 1075 3431 spirituum
1095 3354 1197 3418 conti·

159 3461 230 3524 neri
245 3460 318 3524 dicit
335 3457 375 3534 Β).

215 3719 244 3778 1)
264 3717 342 3767 Illam
360 3716 477 3784 appellet
494 3717 521 3765 lc
536 3715 714 3766 bienvcs'llcmce
735 3714 977 3780 οχῗωιὶυωιῳαιίυε,
1001 3713 1071 3763 hunc
1086 3712 1113 3761 lc
1130 3711 1197 3762 dicre

158 3801 281 3854 ccilloncc
292 3801 520 3867 effective-positivo.
539 3801 724 3867 Decntologie,
742 3801 777 3863 11,
797 3805 839 3850 71.

213 3891 241 3957 2)
259 3890 324 3942 Inde
337 3889 498 3956 legislatoris
510 3905 607 3940 munus
620 3901 678 3939 csso
691 3889 728 3938 nit
739 3886 871 3938 Benthnm
888 3885 933 3950 „tc
949 3883 1143 3941 menimimtion
1160 3882 1205 3934 Μ

158 3975 275 4028 tonbeur
286 3976 323 4027 du
330 3975 392 4043 plus
402 3974 490 4040 grand
500 3975 612 4026 membre.

213 4064 241 4128 8)
260 4062 351 4114 'fraite
365 4062 398 4114 de
410 4059 564 4127 legislation
576 4061 597 4111 1.
616 4077 641 4128 p.
661 4059 735 4110 XXV
749 4059 818 4110 suiv.

935 4160 985 4224 3st
