3109 5292
660 547 706 615 70

163 725 323 807 potestatis
339 725 573 791 coercitionum
594 726 756 803 cttstodiri3
780 725 911 808 ideoque
926 725 1110 808 praesidinm
1124 727 1198 791 tttnd

161 847 222 894 non
237 830 336 894 sotum
352 831 443 913 juris,
459 828 515 892 sed
533 837 564 892 et
579 830 684 894 salutis
700 829 841 911 publicus
857 839 905 893 est
918 829 1067 895 defensio.

228 939 264 1008 c)
287 933 378 997 Aetio
395 933 496 1014 aliqua
511 950 606 996 sensu
621 933 723 996 ethico
736 942 798 996 turn
815 933 935 997 demum
947 935 1031 1017 juata
1046 943 1110 1014 est,
1129 953 1198 999 cum

162 1055 179 1100 a
199 1038 286 1100 nobis
308 1056 346 1100 eo
369 1037 495 1100 consilio
520 1037 713 1118 perficiatur,
738 1045 772 1100 ut
787 1037 925 1118 justitiae
945 1039 1009 1122 legi
1030 1057 1202 1122 pareamus.

160 1139 288 1213 (ὶιιιιιᾱο
306 1140 366 1204 alii
383 1141 502 1204 ratione
518 1142 591 1205 moti
612 1139 798 1222 perfecimus
818 1141 912 1220 illum,
933 1143 1028 1206 veluti
1048 1143 1198 1206 commodi

160 1245 258 1307 nostri
273 1261 367 1309 cause
381 1245 432 1306 vei
448 1244 649 1308 tenementis
663 1243 755 1322 ducti,
770 1244 852 1306 iilum
867 1260 926 1306 non
939 1246 1050 1327 justam
1065 1247 1121 1309 sed
1135 1249 1198 1310 uti-

160 1347 219 1410 lem
240 1347 373 1412 tortasse
395 1349 446 1412 rei
466 1348 634 1412 beneficam
657 1348 804 1409 sotionem
825 1347 975 1415 dicemus..
1007 1349 1096 1414 Nuiia
1118 1352 1197 1413 enim

160 1452 238 1514 actio
255 1451 394 1530 morulis,
416 1453 435 1514 i.
453 1470 480 1514 e.
497 1453 527 1514 in
548 1469 583 1514 se
598 1452 675 1514 bone
692 1459 722 1512 et
736 1451 865 1514 honesta
881 1461 944 1530 est,
963 1454 1021 1517 nisi
1036 1471 1114 1535 quae
1129 1455 1198 1518 vir-

160 1556 235 1618 tutis
250 1572 356 1616 amore
370 1555 576 1618 committitur.
597 1553 678 1616 iuris
695 1571 772 1617 vero
787 1556 818 1616 in
833 1556 957 1618 civitate
971 1557 1070 1638 aliqua
1085 1559 1197 1641 vigen-

159 1660 196 1722 tis
220 1660 394 1740 praeceptis
419 1676 544 1740 semper
566 1657 689 1736 satisfit,
717 1658 840 1738 quondo
864 1660 1000 1723 actiones
1018 1669 1140 1725 nostras
1159 1663 1199 1724 iis

23 1811 24 1826 ,
160 1761 442 1840 accommodemus,
471 1779 654 1842 quacunque
682 1762 802 1824 ratione
824 1759 862 1824 ud
891 1780 946 1825 eus
972 1765 1204 1845 compellamur.-

158 1865 241 1928 inter
269 1866 370 1929 ethice
395 1873 426 1928 et
445 1866 524 1948 juris
550 1871 715 1947 praecepta
743 1883 820 1948 ergo
847 1865 923 1929 iliud
947 1875 996 1930 est
1021 1867 1196 1947 discrimen,

159 1969 242 2050 quod
258 1969 365 2032 initiis
381 1970 512 2030 intentio
528 1977 697 2052 spectutrm,
721 1969 751 2031 in
771 1969 819 2031 his
839 1970 950 2033 exitus.
980 1971 1107 2035 iiantius
1126 1971 1197 2035 inde

159 2071 190 2135 in
214 2073 360 2136 nemea«
383 2073 597 2134 nereditatem
621 2074 742 2138 omnino
761 2073 967 2137 necessariam
986 2091 1058 2140 esse
1079 2084 1196 2155 censet,

160 2176 231 2240 dum
255 2178 286 2240 in
305 2179 374 2259 jure
395 2177 538 2250 tepntitar
563 2177 706 2240 sufficere
730 2178 883 2253 videatnr3
909 2177 965 2241 sed
989 2179 1019 2240 in
1041 2187 1196 2258 coerrat,

159 2280 243 2361 quod
258 2299 374 2360 eorum,
391 2299 469 2362 quus
486 2280 586 2343 ethice
602 2288 715 2364 unium
725 2283 808 2363 justa
823 2289 911 2360 sunt,
931 2282 1122 2364 aliorumque
1136 2283 1197 2346 ho-

22 2443 23 2460 ,
159 2385 288 2446 nestatis
305 2384 474 2448 officiorum
491 2383 570 2446 idem
592 2384 757 2448 discrimen
778 2403 907 2449 sersure
929 2387 1008 2449 vuit:
1030 2403 1100 2449 nam
1122 2386 1197 2450 iliud

22 2499 23 2506 ’
159 2488 261 2568 ipsum
275 2487 347 2550 nihil
362 2489 421 2550 nisi
435 2488 611 2552 honestiori
627 2488 758 2552 officium
775 2499 866 2570 atque
882 2488 1046 2552 discrimen
1060 2489 1120 2552 hoc
1135 2505 1200 2552 non·

159 2591 341 2654 interranis
358 2591 456 2654 officia
471 2592 610 2670 moralia,
630 2592 686 2654 sed
707 2594 785 2656 inter
804 2593 881 2655 haec
897 2599 928 2654 et
937 2594 1019 2674 juris
1039 2591 1121 2674 apud
1136 2608 1202 2674 po—

159 2694 264 2776 pulum
279 2696 411 2775 aliquem
425 2696 544 2776 recepti
560 2701 725 2776 praecepte
741 2697 842 2760 iocum
858 2695 956 2759 habet

224 2799 263 2872 d)
291 2797 379 2871 Quod
397 2817 422 2860 -ιι
445 2799 558 2880 popuio
582 2801 682 2880 aliquo
709 2817 765 2881 pro
791 2802 875 2882 justo
905 2800 1048 2877 hebetum,
1070 2817 1088 2862 a
1112 2800 1200 2881 justo
1265 2790 1272 2806 ’

161 2901 229 2980 iilo,
253 2901 336 2983 quod
350 2903 388 2966 ab
403 2904 492 2966 unius
508 2903 694 2965 conscientie
715 2911 855 2985 tanquam
868 2905 984 2986 justum
1000 2903 1196 2983 approbatur,

161 3004 252 3068 mium
265 3007 298 3070 in
314 3023 353 3070 co
369 3005 485 3084 differt,
507 3006 588 3087 quod
611 3005 684 3068 iliud
705 3023 723 3070 a
743 3008 848 3072 stricti
865 3008 941 3090 justi
959 3007 1078 3069 ratione
1100 3020 1228 3088 suepe·

161 3109 287 3174 recedit.
335 3111 433 3183 Quum
458 3110 536 3172 enim
563 3111 753 3192 singulorum
776 3109 837 3175 uni
860 3112 1026 3174 vivendum
1050 3109 1090 3172 de
1110 3111 1197 3192 juste

160 3215 331 3277 sententies
352 3231 576 3295 saepenumero
596 3215 739 3278 diversae
761 3215 822 3278 sint
843 3215 924 3277 inter
937 3231 1034 3296 seque
1049 3221 1198 3298 pugnent,

161 3319 326 3382 murenis
342 3319 448 3400 opinio
461 3318 581 3380 minime
604 3319 854 3396 constitueretur,
876 3320 936 3381 nisi
957 3319 1166 3399 unusquisque
1179 3335 1204 3380 a·

161 3439 217 3484 sua
233 3423 382 3486 sentemiu
397 3422 613 3501 eliquantqum
628 3421 796 3485 recederet
809 3430 861 3485 aut
880 3421 992 3503 utiquid
1012 3423 1195 3498 remitteret;

161 3543 220 3605 qua
233 3526 437 3588 namnctione
452 3524 495 3602 nt,
509 3532 543 3588 ut
558 3525 661 3608 popuii
677 3526 763 3608 leges
779 3543 873 3608 saepe
888 3526 918 3588 in
934 3527 1085 3606 nequitate
1101 3524 1197 3608 magis

160 3646 250 3709 quam
262 3630 364 3692 stricti
375 3629 454 3712 jin-is
464 3631 637 3712 praeceptis
652 3632 785 3692 uitentur
790 3651 799 3706 3
814 3630 992 3710 deniqueiis
1002 3629 1093 3692 multu
1109 3646 1197 3690 oom-

159 3733 259 3796 munis
278 3733 432 3794 utilitatis
449 3749 543 3796 cause
564 3734 747 3797 sanciantur.
785 3734 852 3807 Quo
869 3732 998 3796 oonsilio
1013 3729 1122 3794 Cicero
1137 3729 1197 3804 (do

160 3833 545 3910 incestuositates
567 3838 695 3906 iustitio
715 3843 763 3898 ert
782 3837 882 3898 enimi
901 3838 1027 3896 tantm
1043 3835 1198 3898 communi

159 3941 297 4002 utilitati
312 3946 497 4016 comparata
509 3959 599 4004 ruem
611 3942 719 4020 carique
729 3942 873 4002 tribuent
884 3940 1078 4016 dipnitoiem.
1099 3935 1197 4000 Cum*

159 4053 221 4124 que
243 4051 324 4108 uus
346 4044 454 4126 uliquis
475 4043 608 4126 populus
627 4059 688 4106 non
716 4043 829 4107 eodem
846 4044 929 4106 celtn
952 4041 1196 4122 iumentumque

160 4145 294 4228 truatur,
314 4165 394 4231 quus
409 4147 514 4230 optimi
527 4165 566 4212 ac
581 4148 796 4230 sapientissimi
815 4149 963 4231 cujusque
978 4146 1038 4212 risi
1053 4161 1124 4210 asse
1139 4161 1205 4215 tte-¹
