3109 5292
342 752 417 800 mur.
456 735 584 811 thies
613 735 693 799 enim
720 734 750 800 in
772 735 855 800 ritae
881 742 1007 798 nonrae
1033 733 1215 798 amittendae
1243 733 1386 816 periculo

341 859 513 920 versamur,
536 857 631 922 equo
654 841 720 903 sine
742 840 870 904 alterius
890 840 1014 904 interitu
1030 840 1109 921 eripi
1129 855 1194 902 non
1208 853 1382 921 memus.

343 962 435 1026 quum
451 951 578 1008 mortem
594 945 682 1008 istum
697 951 845 1026 appetere
855 944 1040 1022 sinimus,ob
1056 944 1172 1007 crimen
1188 944 1383 1008 commissum

341 1049 440 1132 puniri
454 1065 514 1112 non
529 1048 665 1111 solemus
672 1069 682 1125 ;
698 1050 832 1129 itemque
846 1049 874 1110 si
889 1055 1027 1110 extrema
1042 1047 1123 1110 iame
1139 1047 1316 1111 laborantes
1327 1063 1384 1112 res

342 1155 457 1218 alienes
483 1155 774 1218 contrectaverimus
795 1153 848 1216 rai
869 1154 896 1216 si
918 1150 1050 1215 incendii
1070 1151 1196 1218 arcendi
1215 1152 1316 1236 gratia
1329 1151 1383 1214 ri-

341 1259 424 1322 cinas
432 1257 525 1322 aedes
534 1256 760 1321 intercidantur.
774 1257 857 1320 duris
866 1256 1010 1319 naturalis
1020 1259 1188 1338 scriptores
1197 1254 1227 1331 1)
1237 1253 1301 1318 boc-
1309 1256 1383 1330 nrt-

235 1441 245 1450 ,
340 1365 485 1442 ritcpiom
507 1363 560 1426 rei
575 1364 630 1434 ius
651 1363 853 1424 necessitatis
882 1362 1077 1444 (germanica
1099 1362 1295 1434 Notbrccbt)
1321 1375 1382 1440 ap-

341 1467 468 1551 peliant,
489 1467 520 1529 in
536 1484 597 1549 quo
612 1473 644 1530 ct
654 1469 706 1549 jus
729 1465 920 1547 »inculpatae
936 1464 1070 1528 tentae«
1092 1464 1208 1542 nititur,
1231 1464 1271 1526 de
1295 1463 1385 1545 cnjus

341 1589 433 1636 causa
454 1579 486 1634 et
509 1571 622 1634 ambitu
643 1571 813 1652 scriptores
834 1569 963 1650 copiose
987 1567 1144 1649 deputare
1168 1570 1277 1633 solent
1313 1566 1382 1630 Jam

341 1675 452 1740 Cicero
473 1674 530 1749 (de
549 1674 663 1740 invent.
685 1673 720 1736 ΙΙ.
742 1669 794 1736 57.
815 1671 886 1748 53.)
907 1673 1010 1737 varios
1028 1671 1267 1736 necessitudinis
1289 1687 1382 1734 casus

266 1762 268 1766 ’
341 1780 473 1862 explicet
494 1777 534 1855 ⁹).
572 1777 691 1843 Seneca
716 1785 805 1860 pater
829 1782 984 1853 (controv.
1010 1776 1058 1840 iv.
1080 1774 1143 1853 27)
1165 1776 1383 1840 necessitatem

340 1899 480 1966 magnum
496 1882 642 1946 humanae
657 1881 870 1945 inneciuintis
885 1881 1085 1963 patrocinium
1099 1881 1186 1960 dicit,
1207 1881 1291 1964 quod
1310 1899 1381 1944 om-

340 2004 409 2048 nem
430 1989 527 2064 tepent
546 1988 682 2062 fronmt.
709 1986 760 2052 „In
781 1987 935 2049 communi
954 1985 1124 2050 calamitate
1144 2005 1230 2050 suam
1251 1986 1383 2067 quisqu

340 2090 432 2154 habet
447 2090 595 2155 fortunam
613 2089 663 2166 tJa
687 2099 718 2154 et
739 2091 909 2154 necessitas
929 2091 1040 2154 rationi
1058 2091 1224 2174 praecedit
1262 2089 1383 2152 Indeet

341 2192 559 2258 Germanorum
576 2194 703 2258 dictum:
719 2197 830 2270 „Noto
843 2197 901 2254 not
915 2195 990 2254 acin
998 2198 1119 2256 θεὸιικι
1133 2202 1164 2258 et
1174 2194 1290 2256 Horatii
1304 2211 1383 2256 rer-

340 2313 408 2360 sus:
428 2300 541 2373 „Tunc
562 2305 619 2359 ma
639 2316 691 2359 rea
711 2299 835 2374 upitrar,
857 2299 969 2374 parics
992 2317 1063 2360 carm
1081 2299 1248 2376 mocimus
1271 2304 1382 2371 arricta

341 2407 373 2461 et
388 2405 529 2478 neptocto
545 2407 645 2464 solent
660 2404 808 2464 incendic
823 2420 949 2464 morere
963 2404 1079 2464 obeaf‘

408 2504 546 2570 Omnium
563 2507 743 2589 populorum
755 2509 830 2590 Jnre
840 2507 871 2570 id
886 2505 968 2588 ruod
983 2514 1114 2589 urgente
1129 2505 1182 2570 tali
1197 2508 1384 2570 necessitme

321 2694 323 2697 Ι
341 2609 454 2674 iactum
470 2617 528 2688 est,
540 2613 612 2693 jure
628 2611 742 2676 iactum
757 2611 882 2689 dicitur,
896 2629 955 2674 nec
971 2613 1036 2674 sine
1052 2612 1182 2674 ratione
1211 2608 1286 2674 Cum
1303 2610 1383 2674 enias

341 2731 432 2778 omne
443 2717 557 2798 justum
566 2723 597 2777 et
612 2731 702 2778 omne
714 2717 766 2797 jus
781 2715 977 2778 necessitatis
993 2715 1121 2798 aiicujus
1137 2731 1231 2778 causa
1245 2713 1382 2778 admitti-

341 2827 391 2882 tur
406 2823 520 2900 (super
535 2824 565 2893 §-
580 2818 613 2897 4,
629 2818 688 2897 ii),
710 2836 855 2882 summam
876 2819 1107 2896 necessitatem,
1129 2820 1179 2882 cui
1197 2818 1302 2882 resisti
1321 2837 1383 2883 non

341 2929 452 3005 potest,
472 2939 621 2984 summum
633 2923 685 3004 jus
702 2923 892 2986 constituere
907 2921 1069 2987 dicendum
1084 2930 1141 2986 est
1178 2923 1255 2986 ilinc
1270 2924 1382 2986 cirita-

340 3027 414 3089 tium
430 3023 682 3088 contre-bostium
698 3026 891 3089 incursiones
907 3027 958 3090 vei
973 3027 1214 3091 facinorosorum
1229 3026 1381 3093 bomluum

341 3136 469 3192 conatus
494 3127 756 3191 defendendarum
784 3130 883 3212 gretie
905 3148 1128 3213 saepenumero
1150 3129 1244 3194 mute
1269 3131 1386 3194 sanciri

341 3231 451 3314 soient,
467 3251 546 3313 quae
561 3232 683 3315 tegibus
699 3241 771 3298 sunt
787 3235 955 3313 contraria,
979 3253 1049 3298 nam
1073 3233 1178 3298 „seius
1198 3235 1307 3317 popuii
1321 3243 1385 3310 tuna

340 3353 483 3418 suprema
499 3337 646 3416 lenosis,
664 3347 694 3400 et
712 3339 813 3400 „inter
828 3355 910 3400 arma
927 3338 1018 3401 silent
1033 3339 1155 3422 legesss.

407 3440 458 3504 64.
480 3440 542 3504 lies
558 3440 706 3504 humanae
719 3441 800 3522 juris
816 3444 933 3506 normis
942 3441 1083 3506 deumne
1092 3451 1124 3508 et
1137 3442 1294 3508 ordinatae
1304 3445 1383 3526 juris

339 3543 584 3608 necessitudines
591 3543 624 3618 4)
633 3552 713 3624 sunt,
723 3547 742 3608 i.
750 3563 777 3608 e.
787 3555 911 3610 mutuae
920 3547 1001 3610 inter
1015 3547 1153 3612 homiues
1167 3548 1384 3613 nutrirentur

395 3688 1381 3758 1.)Free.5............1Deaaureganrcrusraffleinoonuin.)

393 3776 492 3842 2)(32ι.
510 3777 546 3826 lu
565 3777 710 3828 Grotium
728 3772 789 3828 de
775 3793 837 3842 pure
855 3775 921 3828 balli
936 3782 965 3828 et
981 3779 1056 3844 pacis
1075 3777 1123 3830 lib.
1136 3778 1292 3844 ILcap.11.
1305 3777 1383 3830 VIat

338 3861 397 3914 vu.
427 3862 669 3914 Puffendorfii
656 3878 702 3928 pus
715 3871 827 3915 naturas
838 3869 866 3915 at
876 3869 949 3930 gout.
961 3864 1022 3917 Lib.
1034 3865 1070 3916 II.
1083 3880 1107 3917 o.
1120 3867 1145 3916 6

392 3951 418 4016 3)
392 3949 491 4000 ectr.
511 3949 644 4002 Curtius
662 3951 706 4014 VI,
726 3954 750 4002 4.

392 4036 419 4102 4)
437 4037 633 4088 Jufisoonauttt
643 4039 773 4104 germerii
786 4053 845 4091 aas:
857 4036 1146 4102 ‚senseramus
1158 4035 1226 4105 galli
1232 4037 1381 4106 ,mappam

337 4121 370 4174 aa
380 4120 465 4172 erou‘
479 4123 621 4190 appellent.
635 4141 660 4174 r.
669 4125 820 4191 savigny,
833 4125 941 4191 system
952 4125 999 4177 das
1010 4125 1083 4176 baut.
1095 4129 1161 4176 rbm.
1169 4123 1279 4176 Rechts.
1291 4125 1380 4176 usur.

338 4212 362 4272 fi.
376 4209 400 4260 5.
431 4209 527 4274 steht,
545 4211 820 4278 Rechtaphiloaopbic.
840 4211 960 4264 tram.
972 4212 1002 4262 P.
1017 4211 1039 4262 I.
1055 4211 1086 4262 Τ.
1100 4211 1135 4263 11.
1148 4213 1201 4263 293
1214 4224 1272 4277 aeq.
1370 4222 1374 4228 ’
