3109 5292
843 571 872 612 Ν

343 739 378 800 et
398 725 668 802 elucubrationes
690 727 856 824 scriptae,
882 725 1005 798 nullam
1027 724 1116 821 apud
1134 735 1273 819 gentem
1293 722 1380 799 sub-

342 855 470 928 tiliores
500 854 715 950 quaestiones
740 855 814 944 ejus
839 862 1070 945 argumentum
1093 860 1289 948 spectantes
1313 861 1381 924 tam

342 990 481 1054 strenue
503 981 618 1050 critica
635 979 765 1050 ratione
790 979 1003 1050 examinatae
1024 988 1058 1050 et
1079 978 1270 1074 explicatae
1291 988 1380 1067 sunt,

343 1127 440 1200 quam
474 1107 523 1182 in,
542 1106 649 1200 patria
686 1114 812 1178 nostra.
860 1102 944 1190 lnde
974 1103 1196 1192 factumest,
1229 1115 1264 1175 ut
1295 1102 1381 1174 haec

341 1233 524 1304 universae
540 1218 772 1324 philosophiae
788 1251 868 1326 pars
889 1227 977 1322 apud
994 1248 1057 1300 nos
1078 1226 1262 1323 perfectius
1282 1251 1380 1324 quam

342 1353 423 1428 alibi
441 1358 475 1426 in
500 1358 580 1428 artis
601 1354 743 1426 formam
771 1354 911 1428 redacta
933 1354 1177 1447 conspiciatur3
1206 1362 1240 1427 et
1258 1378 1380 1451 quam

341 1483 395 1568 uis
416 1483 452 1552 in
470 1479 650 1554 Germania
670 1482 872 1576 scriptorum
893 1501 977 1552 eam.
994 1479 1267 1576 perlustrantium
1293 1497 1380 1555 sen·-

340 1609 466 1678 teutiae
483 1609 517 1677 in
537 1605 686 1702 plurimis
700 1604 875 1702 capitibus.
886 1607 973 1678 inter
996 1627 1036 1678 se
1054 1605 1260 1701 discrepent,
1279 1629 1379 1682 nemo

219 1750 221 1754 ’
339 1741 452 1802 temon
480 1733 514 1804 in
547 1729 679 1802 dubium
707 1730 863 1820 vocabit,
891 1733 1055 1802 rationem
1084 1734 1159 1822 ejus
1185 1733 1380 1841 tractandae

341 1855 429 1953 apud
450 1877 512 1930 nos
534 1859 687 1932 usitatam
704 1859 848 1930 caeteris
867 1857 973 1949 longe
989 1878 1070 1929 esse
1090 1845 1379 1952 praestantiorem.

415 1979 568 2078 luprimis
604 1984 706 2075 igitur
741 1983 940 2075 alienigenis
969 1992 1101 2075 gratum
1133 2006 1187 2055 me
1215 1983 1380 2061 iacturum

341 2127 421 2180 esse
439 2126 555 2202 spero,
579 2128 678 2201 quum
699 2110 733 2180 in
754 2108 918 2178 concinna
939 2109 1122 2201 scriptione
1140 2110 1182 2182 iis
1203 2108 1381 2184 exhibeam

339 2231 476 2322 faciem,
502 2253 567 2326 qua
587 2233 798 2330 philosophia
817 2233 903 2323 juris
922 2232 1011 2328 apud
1031 2253 1094 2304 nos
1120 2233 1234 2306 induta
1255 2246 1319 2328 est,
1346 2248 1380 2309 et
1436 2334 1440 2340 s

340 2377 450 2450 quam
478 2359 578 2432 novis
602 2356 924 2453 perscrutationibus
943 2359 1099 2432 institutis
1123 2369 1157 2430 et
1179 2383 1380 2434 summorum

339 2484 489 2554 virorum
517 2481 647 2577 placitis
672 2482 929 2575 diligentissime
949 2492 984 2554 et
1005 2484 1149 2555 iteratim
1170 2487 1381 2580 examinatis,

269 2685 271 2688 ,
339 2610 511 2684 veriorem
529 2617 563 2680 et
582 2609 744 2704 aptiorem
766 2607 875 2679 habeo
899 2611 972 2700 ejus
989 2606 1176 2681 formulam.
1215 2609 1291 2683 Non
1310 2615 1378 2684 im-

338 2735 457 2820 merito
479 2734 580 2827 igitur
601 2733 739 2806 alteram
755 2733 842 2804 banc
864 2731 939 2805 libri
958 2736 1023 2808 mei
1045 2734 1224 2807 editionem
1244 2739 1378 2835 penitus

338 2869 552 2950 retractatam
570 2858 749 2952 appellavi.
775 2858 909 2931 Novum
927 2860 1029 2956 plane
1048 2859 1306 2935 additamentum
1327 2875 1380 2936 est

338 2983 500 3058 historiae
529 2983 626 3075 hujus
652 2983 826 3062 doctrinae
854 2983 1080 3076 adumbratio,
1111 3009 1200 3083 quae
1226 2988 1378 3065 secundo

338 3107 596 3185 Introductionis
638 3111 748 3206 capite
785 3112 990 3201 continetur,
1029 3134 1094 3184 nec
1130 3134 1198 3184 non
1241 3112 1377 3187 uberior
1474 3166 1477 3173 -

338 3235 453 3306 notitia
486 3235 536 3306 rei
571 3235 743 3306 literariae
770 3233 886 3306 harum
917 3236 1181 3333 disciplinarum,
1216 3261 1314 3334 quam
1341 3242 1376 3311 in
1475 3263 1478 3266 ’

337 3358 404 3430 line
420 3356 494 3430 libri
510 3361 576 3430 mei
597 3359 744 3452 adjunxi.
773 3361 847 3432 'lali
864 3361 964 3433 modo
985 3363 1196 3440 emendatum
1217 3375 1251 3437 et
1270 3365 1376 3439 ador-

337 3493 451 3556 natum
473 3505 557 3580 opus
582 3482 689 3560 doctis
709 3487 792 3560 viris
816 3485 1057 3584 philosophiam
1076 3492 1164 3580 juris
1190 3489 1376 3564 colentibus

337 3606 434 3682 hado
456 3630 641 3702 eorumque
659 3610 843 3702 dignationi
863 3623 898 3683 et
916 3612 1178 3689 benevolentiae
1197 3637 1375 3688 commen-

340 3729 450 3804 datum
472 3753 552 3807 esse
573 3734 664 3822 volo.

410 3917 586 3984 Tubingac,
604 3918 696 3969 Idibus
713 3919 791 3986 Maiis
807 3919 984 3972 MDCCCLV.
