3109 5292
686 549 730 622 tl

189 729 401 816 resipiscite,
417 731 527 816 quidm
540 733 694 809 statuitur,
706 730 899 816 jnrattqnod
914 727 1003 798 mcci
1018 731 1159 796 consdt'ui
1169 730 1225 798 -rcl

187 836 226 899 ad
241 838 370 902 alterurn
381 839 521 916 transire,
537 837 632 904 velati
645 837 833 916 traditiones,
849 836 1017 915 cessiones,
1033 843 1244 915 testamentus,

189 948 373 1007 mstructus.
911 970 914 974 ·

204 1071 212 1076 ·
255 1059 358 1124 Solent
373 1069 474 1126 autern
489 1063 570 1146 juris
588 1062 773 1146 interpretes
794 1062 909 1146 negotii
925 1063 1006 1146 juris
1028 1063 1225 1126 substantiam

189 1165 318 1249 atejus
346 1165 534 1230 adminiculis
562 1166 750 1250 distinguere
757 1186 767 1242 ;
797 1166 848 1228 illa
873 1167 953 1228 enim
980 1166 1165 1227 essentialia
1193 1171 1226 1228 et

188 1273 356 1334 neutralia
372 1273 521 1335 contineri
533 1271 646 1350 dicunt,
662 1273 739 1334 haec
754 1272 965 1333 occidentalia
978 1273 1046 1354 ejus
1062 1269 1223 1353 appellant

189 1373 265 1439 Sunt
283 1384 383 1438 autem
398 1383 458 1439 tam
474 1376 648 1443 essentialia
663 1394 751 1458 qnam
769 1376 966 1440 accidentali-a
981 1377 1111 1438 omnium
1122 1377 1224 1458 jnrnm

189 1481 384 1565 negotiorum
400 1483 580 1544 communia.

203 1593 206 1600 ’
254 1599 293 1663 A.
315 1599 423 1664 Nullus
437 1601 515 1664 enim
529 1599 677 1685 eJusmodi
690 1607 772 1663 actus
785 1602 845 1665 vim
860 1609 891 1664 et
902 1599 1041 1664 allectum
1054 1599 1153 1677 habet,
1165 1600 1222 1662 nisi

286 1719 322 1792 a)
345 1733 512 1798 personae,
534 1715 712 1796 quasillum
732 1715 910 1799 perficiunt,
926 1715 1005 1798 juris
1020 1715 1079 1777 sint
1094 1730 1223 1796 capaces

343 1822 515 1902 mentisque
533 1825 687 1903 compotes
693 1841 703 1897 3

283 1924 321 2000 b)
345 1925 403 1987 nisi
424 1942 491 2004 res,
513 1925 551 1988 de
573 1943 631 2006 qna
651 1925 767 2008 agitur,
788 1916 944 1987 in‘rerum
965 1932 1073 1986 natura
1093 1924 1132 1986 sit
1147 1929 1177 1986 et
1192 1923 1222 1984 in

233 2093 236 2104 ι
344 2029 538 2109 commercio,
556 2038 607 2092 out
623 2031 648 2092 si
662 2030 828 2111 praestatio
840 2027 981 2092 iacienda
994 2028 1062 2091 tulis
1077 2028 1125 2106 sit,
1142 2045 1222 2108 quac

342 2131 409 2197 lieri
425 2141 526 2216 potest
541 2152 598 2197 nec
609 2135 681 2218 jure
697 2133 860 2216 prohibite,
881 2141 913 2196 et
957 2206 960 2209 ¹

285 2243 321 2314 c)
344 2239 401 2301 nisi
417 2239 447 2317 ii,
462 2239 542 2302 inter
558 2256 634 2320 quos
651 2238 807 2321 negotium
819 2220 903 2320 juris
913 2236 1109 2315 contrahitur,
1125 2235 1223 2298 libere

342 2343 533 2406 consentiant
559 2340 808 2422 voluntatemque
838 2359 922 2404 suam
947 2341 1036 2404 modo
1061 2361 1078 2404 a
1102 2340 1223 2424 legibus

342 2447 542 2529 praescripto,
559 2447 577 2508 i.
589 2464 615 2508 e.
631 2453 683 2508 ent
695 2445 874 2508 solemniter
888 2454 941 2509 sut
953 2447 1019 2508 sine
1034 2445 1222 2508 solemnitate

227 2555 229 2558 ’
343 2551 494 2634 aperiant;
515 2549 597 2613 unde
618 2566 727 2611 errore
744 2557 795 2612 aut
810 2550 841 2611 vi
856 2549 906 2611 vel
921 2559 1004 2612 metu
1020 2558 1070 2612 aut
1086 2548 1156 2612 dolo
1172 2549 1223 2610 in-

342 2658 533 2719 terveniente
549 2655 627 2739 juris
645 2655 770 2736 negotia
789 2654 948 2732 vitiantur,
970 2655 1010 2715 ita
1032 2652 1170 2734 quidem,
1191 2661 1225 2716 ut

344 2769 396 2824 aut
412 2760 503 2841 plane
518 2759 632 2823 inutilia
653 2759 719 2836 (eut
733 2758 833 2831 nulla)
858 2757 995 2821 dicantur
1018 2765 1070 2821 aut
1089 2755 1224 2820 rescindi
1263 2818 1266 2827 ,

344 2865 470 2947 possint

255 2984 287 3047 B.
311 2986 527 3048 Aectdeutolin
555 2986 687 3050 omnium
712 2984 903 3069 negotiorum
930 2993 1000 3048 sunt
1025 2963 1224 3064 conditiones,

190 3089 273 3168 dies,
309 3087 389 3152 modi
423 3097 455 3153 et
483 3090 586 3154 variae
622 3098 870 3156 testamentorum
905 3099 956 3153 aut
991 3093 1225 3154 conventionum

191 3192 356 3258 clausulae.

253 3311 288 3375 ,0.
311 3315 485 3382 Naturalia
502 3315 580 3396 juris
600 3314 715 3397 negotii
738 3315 905 3378 consistunt
924 3315 957 3377 in
977 3315 1037 3378 line
1055 3323 1087 3378 et
1102 3315 1224 3393 effectu,

189 3419 274 3502 cujus
308 3417 464 3482 obtinendi
497 3419 596 3501 gratia
637 3419 794 3502 negotium
831 3419 1020 3485 celebratum
1055 3421 1106 3482 vel
1144 3438 1223 3483 con-

188 3529 317 3588 tractum
334 3528 390 3584 est

253 3637 306 3702 68.
329 3639 412 3704 lnter
422 3640 514 3720 iacta,
524 3642 630 3723 quihus
643 3642 708 3705 aliis
722 3642 850 3726 alicujus
861 3645 910 3706 rei
922 3643 1096 3725 praestandi
1108 3661 1224 3706 neees-

188 3743 277 3808 sitate
294 3744 523 3828 adstringimur,
539 3746 647 3810 summi
663 3750 807 3810 momenti
822 3755 895 3812 sunt
908 3748 1051 3830 injuriae,
1073 3747 1129 3810 ie.
1144 3747 1224 3810 iactu

187 3847 299 3926 illicita,
315 3847 425 3929 quibus
437 3851 507 3931 jura
524 3848 652 3914 oliorum
668 3851 839 3916 laeduntur.
873 3851 959 3925 Quae
974 3868 1028 3914 res
1043 3869 1099 3914 nos
1115 3850 1223 3915 admo-

187 3958 254 4030 net,
270 3959 306 4014 ut
319 3950 357 4016 de
372 3952 410 4015 iis
424 3953 483 4016 hoc
497 3952 566 4018 loco
582 3954 728 4020 dicamas.

252 4070 457 4154 Appelluutnr
471 4072 547 4140 huso
561 4073 643 4138 iacta
662 4077 793 4160 injuriae
806 4081 989 4159 propterea,
1012 4076 1094 4158 qnod
1111 4077 1223 4162 injuste

188 4185 267 4241 sunt.
291 4173 436 4262 injustum
451 4185 624 4261 antemost,
640 4181 787 4264 quidquid
798 4181 933 4265 justitiae
946 4181 1139 4246 adversatur.
1161 4180 1223 4248 Sed
