3109 5292
709 504 884 607 ,mo

327 712 382 789 sit,
413 707 469 773 sed
488 709 561 772 licet
576 707 670 772 certis
692 707 804 773 linibus
820 707 1056 788 circumscripto,
1087 680 1194 772 tumen·
1208 706 1247 772 ab
1265 706 1368 776 utero

326 816 454 896 imperio
476 815 568 898 plane
589 815 630 878 sit
649 812 765 891 soluta,
788 819 823 874 et
839 812 876 876 ab
892 812 960 876 aliis
982 828 1039 876 nos
1059 812 1130 895 cogi
1145 811 1231 876 nelca
1247 811 1368 876 habea·

326 927 385 992 tur.
426 919 582 1002 Ejusmodi
610 919 781 982 libertatem
808 918 928 982 nonnisi
948 919 1097 982 socictate
1126 918 1206 983 inter
1227 917 1367 980 bormnes

326 1027 489 1089 constituta
511 1025 586 1087 oriri
606 1041 644 1086 ac
664 1041 700 1086 re
720 1039 797 1088 vera
817 1022 928 1088 adesse
948 1021 1055 1099 videri,
1079 1041 1154 1089 cum
1176 1022 1287 1102 numne
1310 1035 1367 1108 sua

326 1234 445 1314 imperii
465 1233 560 1296 tutela
579 1238 663 1297 sarta
683 1238 762 1294 tecta
784 1231 833 1308 sit,
849 1263 893 1276 -
908 1230 1051 1311 superius
1070 1231 1191 1313 longius
1212 1230 1367 1311 expoeni-

325 1355 400 1399 mus.
423 1342 472 1412 (s.
495 1336 568 1410 69.)
599 1335 683 1401 luris
711 1335 837 1398 libertas
859 1335 926 1396 sive
948 1335 1000 1415 Jus
1024 1335 1171 1398 libertatis
1193 1335 1367 1403 recusutum

324 1443 420 1525 igitur
435 1444 565 1505 corintio
579 1444 712 1502 libertae
727 1439 844 1503 dicitur.
865 1437 990 1504 Certum
1006 1448 1053 1502 cst
1067 1440 1149 1502 enirn
1164 1440 1194 1502 in
1211 1447 1290 1504 statu
1305 1455 1366 1504 na·

324 1548 429 1624 turali,
450 1565 540 1629 quem
556 1553 668 1610 vocant
681 1550 730 1620 (s.
745 1543 814 1618 69.)
837 1545 976 1612 homines
992 1545 1044 1608 tali
1059 1545 1199 1612 libertate
1214 1543 1365 1632 nominet,

322 1653 462 1731 quoniam
483 1659 611 1716 eatenus
631 1657 743 1715 tantum
766 1649 893 1714 coasilia
914 1668 970 1712 sua
993 1651 1032 1712 ad
1053 1651 1167 1715 exitum
1189 1649 1365 1731 perducere

237 1747 239 1749 ’
321 1757 435 1834 valent,
455 1764 605 1837 quatenus
627 1755 756 1820 aliorum
775 1754 991 1818 benevolentia
1011 1753 1162 1838 gandent,
1189 1762 1240 1818 aut
1256 1761 1366 1824 ooutm

321 1878 431 1924 eorum
446 1862 610 1926 tentamina
625 1862 656 1926 vi
673 1867 726 1923 aut
740 1859 856 1922 astutia
867 1877 938 1922 sese
955 1859 1124 1924 defendere
1139 1865 1276 1941 possunt.
1303 1858 1366 1922 Fa-

322 1965 387 2027 cile,
398 1983 519 2046 quoque
536 1973 584 2028 est
598 1965 772 2042 intellectu,
796 1964 947 2026 neminem
968 1965 1111 2026 illimitcta
1128 1963 1207 2046 juris
1223 1963 1365 2030 libertate

319 2068 382 2131 irui
398 2087 490 2150 posse
495 2090 505 2144 ;
521 2088 590 2132 nam
607 2068 687 2132 baec
702 2069 827 2132 libertas
843 2069 978 2132 nonnisi
993 2057 1086 2132 certis
1102 2067 1213 2131 liuibtm
1227 2068 1364 2133 circum-

321 2175 437 2254 scripta
444 2174 598 2252 constitui,
613 2175 704 2236 immo
715 2174 901 2236 alienatione
916 2191 957 2236 ne
973 2173 1101 2256 cogitari
1116 2171 1239 2253 quidem
1253 2179 1363 2255 potest

323 2276 494 2357 Tyrannum
515 2295 592 2340 vero
615 2277 755 2342 libertate
776 2277 860 2340 lacto
883 2278 981 2361 magis
1007 2295 1096 2359 quam
1116 2277 1190 2358 jure
1212 2277 1362 2361 gaudere,

322 2381 405 2444 nulla
420 2389 494 2465 eget
508 2382 698 2462 probatione.

390 2483 442 2548 ta.
465 2485 531 2548 Nec
546 2488 693 2551 naturalis
708 2487 863 2551 bominum
880 2487 1006 2552 libertas
1022 2486 1112 2568 plena
1126 2493 1160 2551 et
1174 2485 1289 2562 infinita
1304 2491 1363 2570 est,

293 2676 295 2679 Ι
323 2608 391 2654 cum
406 2609 467 2654 non
482 2591 582 2655 solnm
598 2599 692 2656 tunm
708 2606 810 2674 genus
825 2591 986 2655 humanum
1002 2591 1171 2673 subiectum
1180 2591 1221 2654 sit
1233 2599 1362 2654 naturae

323 2696 459 2780 legibus,
482 2697 592 2778 quibus
612 2696 776 2760 universus
797 2695 943 2773 mundns,
970 2695 1043 2760 licet
1059 2713 1184 2778 pereas
1201 2703 1364 2760 terrnmet

323 2819 431 2882 aquam
439 2802 623 2879 dominetur,
639 2803 768 2884 ejusque
785 2801 903 2866 viribus
918 2801 1067 2866 commodi
1082 2803 1129 2866 sni
1141 2802 1362 2884 gratiautatun

321 2925 431 2970 verum
447 2908 535 2970 eb'am
550 2924 609 2968 nec
625 2905 755 2987 singuli,
780 2925 849 2968 oum
865 2907 985 2970 nonnisi
1000 2907 1149 2970 minimam
1165 2924 1270 2970 rerum
1286 2924 1362 2988 par-

322 3019 383 3072 tem
403 3027 573 3091 occupare,
600 3027 660 3071 nec
680 3011 756 3072 sorti
774 3012 925 3074 resistere
946 3011 1072 3092 pnsum.
1111 3009 1237 3077 Certum
1260 3019 1362 3080 nmen

322 3120 371 3176 est
384 3113 604 3194 locupletiores
618 3115 734 3195 majore
748 3114 845 3198 vulgo
865 3114 925 3180 lrni
945 3116 1088 3182 libertate
1106 3115 1251 3194 naturali,
1272 3133 1361 3196 quam

322 3235 455 3299 egenos,
478 3235 576 3298 quare
592 3217 703 3281 divites
718 3237 843 3300 quoqne
858 3220 969 3300 quibus
981 3219 1018 3282 ad
1033 3239 1123 3286 suurn
1138 3219 1294 3286 arbitrium
1309 3220 1361 3285 ni·

323 3341 399 3386 vere
414 3323 515 3389 datum
529 3333 587 3402 est,
603 3325 690 3388 liberi
706 3333 770 3389 eta
786 3327 906 3390 nomine
917 3325 1086 3406 pendentes
1098 3322 1361 3406 honrinesappel·

322 3428 378 3491 lari
393 3429 501 3492 solent
531 3429 594 3493 Sed
607 3448 665 3493 nec
682 3430 790 3495 morali
805 3429 928 3511 quidem
943 3430 1085 3494 libertate
1101 3446 1208 3494 ornnes
1223 3428 1360 3500 homines

322 3534 491 3615 aequaliter
506 3533 663 3611 fruuntur;
686 3553 752 3598 eam
772 3533 851 3617 apud
874 3534 1020 3614 infantes,
1043 3535 1176 3601 furiosos
1193 3541 1244 3598 aut
1258 3541 1360 3606 mente

321 3647 428 3720 captos
442 3640 554 3703 nullam
570 3658 641 3704 esse
655 3657 747 3705 nemo
764 3639 896 3714 dubitot3
920 3639 1057 3704 similiter
1072 3640 1103 3718 ii,
1123 3657 1254 3720 quorum
1270 3637 1360 3703 animi

321 3744 598 3811 vehementioribus
607 3745 858 3810 commotionibus
868 3745 1270 3828 peragitatipcrturbutique
1280 3751 1360 3824 sunt,

321 3866 381 3916 neo
395 3851 507 3917 rationi
521 3851 746 3931 obtemperent,
763 3851 854 3932 plena
870 3852 979 3915 morali
993 3852 1135 3919 libertate
1150 3869 1211 3926 non
1225 3857 1360 3920 utuntur.

322 3952 497 4025 Quodcirca
520 3954 574 4034 qui
596 3971 689 4019 sanae
711 3956 820 4020 mentis
840 3972 903 4020 non
918 3961 1012 4035 cunt,'
1028 3955 1280 4038 quemadmodum
1300 3973 1360 4026 nec

321 4055 453 4124 infantes
468 4057 529 4128 doli
544 4072 674 4138 capaces
689 4059 853 4141 habentur,
874 4063 972 4146 etqui
985 4063 1076 4129 nimiu
1091 4062 1221 4143 ardore,
1236 4062 1289 4126 cui
1303 4079 1360 4130 rc-

317 4160 432 4232 sistere
456 4179 518 4225 uon
539 4171 694 4244 poteraut,
717 4165 834 4234 incitmi
857 4169 888 4236 in
910 4169 1027 4235 crimen
1047 4168 1223 4249 inciderint,
1244 4167 1360 4251 minori

1075 4421 1088 4460 b
