3109 5292
684 553 704 622 5

180 721 300 804 tradidit
323 736 570 819 Aristoteles1),
602 737 654 820 qui
677 737 708 802 in
731 736 849 802 duobus
871 741 1000 804 maxime
1022 741 1208 826 argumentis

179 855 265 911 recte
282 845 460 910 definiendis
478 844 727 926 explicandisque
742 861 866 928 operam
881 846 1049 910 collocavit.
1079 845 1125 912 dc
1140 848 1207 929 pri·

180 972 260 1017 mum
273 951 393 1034 quidem
406 953 435 1014 in
450 950 596 1014 tradenda
608 949 744 1014 doctriua
758 950 797 1014 de
809 953 918 1033 optima
931 953 1116 1035 reipublicae
1130 970 1207 1016 con-

179 1059 347 1125 stituendae
369 1077 405 1122 ac
425 1057 641 1142 gubernandae
663 1058 779 1121 ratione
796 1057 939 1121 disseruit
957 1059 988 1121 in
1003 1058 1094 1137 libro,
1117 1077 1207 1140 quem

179 1165 217 1228 de
235 1165 415 1240 „t’cltticc“
431 1164 553 1245 scripsit
558 1183 569 1241 ;
593 1161 699 1226 deinde
716 1163 915 1247 investigavit
927 1171 1132 1246 accurateque
1148 1163 1206 1226 de·

178 1273 274 1336 linivit
289 1271 362 1355 justi
378 1271 544 1348 notionem,
569 1270 607 1332 de
622 1288 682 1352 qua
697 1270 728 1331 in
749 1272 980 1346 „lltbtccrnm“
998 1269 1083 1332 libris
1099 1256 1206 1352 dispu-

178 1379 260 1442 tavit
290 1376 400 1440 Docuit
415 1383 528 1454 autem,
551 1375 690 1439 civitates
706 1393 764 1437 non
780 1374 819 1436 ad
834 1374 960 1437 idealem
976 1375 1124 1457 quandam
1140 1376 1206 1438 rei-

176 1485 313 1567 publicae
327 1481 555 1545 constituendae
570 1483 743 1565 imaginem,
760 1480 816 1544 sed
829 1496 885 1564 pro
897 1481 1133 1565 uniuscujusque
1145 1498 1206 1562 po-

176 1589 238 1672 puli
259 1589 381 1673 ingenio
401 1593 432 1650 et
448 1587 581 1650 moribus
602 1606 672 1651 esse
694 1585 932 1650 conformandas.
961 1585 1100 1650 Justitiae
1116 1587 1205 1650 linem

174 1695 205 1758 iu
223 1701 324 1758 mutua
339 1693 490 1757 bominum
506 1694 661 1756 societatis
682 1692 803 1757 vinculo
820 1694 1046 1775 conjunctorum
1062 1694 1205 1771 cementi·

175 1803 243 1862 tate
258 1800 373 1882 posuit,
397 1816 457 1882 quo
479 1797 524 1878 fit,
548 1803 581 1862 ut
603 1801 713 1881 cuique
733 1815 821 1861 suum
837 1798 1001 1874 tribuatnr3
1024 1797 1078 1860 sed
1094 1799 1204 1881 diatri-

175 1906 314 1966 baeticam
338 1923 374 1967 ac
397 1908 648 1968 commendaticiam
670 1905 815 1988 justitiam
840 1903 974 1967 distinxit
982 1923 991 1981 3
1022 1904 1101 1968 illius
1126 1905 1204 1968 enirn

175 2011 304 2075 oltlcium
320 2027 391 2073 esse
412 2011 498 2090 dicit,
522 2019 554 2075 ut
569 2011 694 2093 quilibet
713 2012 883 2075 incivitate
903 2011 934 2072 in
950 2027 988 2073 eo
1003 2010 1071 2073 loco
1091 2012 1129 2075 sit
1143 2027 1203 2093 po·
1292 2035 1300 2048 ·

81 2107 89 2121 “
175 2117 249 2180 situs
270 2117 367 2198 iisque
383 2116 502 2200 juribus
518 2116 691 2199 praeditus,
715 2117 824 2198 quibus
841 2116 949 2200 dignus
965 2134 1035 2179 esse
1051 2116 1203 2194 videatur;

174 2222 231 2286 bac
246 2240 321 2286 vero
337 2223 487 2306 praecipi,
511 2229 553 2301 ut,
576 2223 627 2303 qui
642 2223 673 2284 in
688 2222 817 2285 alterum
834 2221 998 2286 contulerit
1013 2219 1202 2285 courmodum

174 2327 309 2411 aliquod,
333 2330 372 2392 ita
393 2334 556 2406 tractetur,
580 2334 685 2391 utnon
701 2328 812 2410 injusto
827 2326 934 2390 damno
949 2327 1108 2406 alliciatur,
1131 2329 1202 2410 qui-

173 2451 233 2515 que
250 2434 391 2497 delictum
408 2433 603 2512 commiserit,
627 2441 659 2496 ut
673 2435 784 2516 justam
800 2450 929 2515 poenam
945 2431 1017 2496 luat.
1047 2433 1202 2496 Distribu-

173 2541 253 2604 tivae
269 2541 401 2624 justitiae
418 2539 629 2622 aequalitatem
647 2539 762 2602 idcirco
777 2538 1011 2612 geometricam,
1035 2545 1202 2601 commuta·

171 2647 252 2709 tivae
275 2646 506 2706 arithmeticam
527 2663 596 2709 esse
617 2646 733 2708 censuit
748 2642 789 2720 ⁸).
819 2645 955 2726 Denique
977 2645 1071 2707 solam
1092 2647 1201 2724 neqni-

82 2763 89 2773 ·
173 2753 250 2813 totta
264 2753 412 2815 rationem
428 2752 458 2813 in
474 2752 622 2835 ambiguis
638 2754 746 2831 causis,
767 2758 819 2815 aut
834 2753 859 2814 si
876 2752 905 2813 in
921 2749 1020 2832 aliquo
1037 2770 1107 2815 casu
1121 2752 1201 2836 legis

173 2857 320 2939 asperitas
336 2857 434 2936 iniqua
450 2865 623 2938 appareret,
644 2874 700 2938 pro
716 2859 790 2940 justi
805 2857 912 2941 regula
928 2856 1112 2939 sequendam
1129 2876 1200 2921 esse

173 2960 250 3024 dixit
265 2957 302 3034 3).
333 2959 420 3033 Quod
436 2961 534 3045 adjus
551 2962 580 3025 in
597 2962 765 3025 civitatibus
782 2963 974 3025 constitutum
990 2963 1104 3041 attinet,
1124 2964 1200 3026 Ari-

171 3065 297 3130 stoteles
317 3065 454 3129 naturale
476 3074 506 3128 et
527 3067 615 3130 civile
631 3068 681 3149 jus
702 3067 837 3156 (φυσικὸν
855 3068 907 3130 καὶ
928 3066 1049 3155 νόμιμον
1072 3057 1199 3146 δίκαιον)

172 3170 342 3255 distinguit,
365 3170 468 3251 illique
485 3189 520 3234 ea
534 3173 612 3254 juris
627 3180 790 3254 praecepta
806 3171 998 3253 adnumerat,
1022 3192 1100 3256 quae
1117 3192 1199 3254 „non

171 3277 306 3359 scripta“
331 3276 412 3358 apud
432 3293 535 3339 omnes
556 3285 663 3361 gentes
686 3278 845 3341 observari
867 3278 972 3342 solent
1104 3288 1109 3294 ’

236 3381 398 3446 Praeterea
417 3381 596 3446 Aristoteles
612 3391 643 3446 et
662 3383 801 3448 latiorem
816 3385 948 3468 justitiae
964 3378 1116 3451 notionem
1132 3394 1198 3450 sta-

170 3487 238 3570 tuit,
262 3488 374 3568 qoippe
395 3504 473 3567 quae
494 3489 607 3551 cunctis
628 3489 789 3553 virtutibus
810 3490 911 3552 inesse
932 3489 1085 3571 videatur,
1112 3493 1197 3574 quasi

169 3593 302 3657 medium
320 3599 351 3654 et
369 3600 483 3658 rectum
505 3595 696 3659 monstrando
720 3596 749 3659 in
770 3595 907 3659 omnibus
926 3596 1077 3660 hominum
1098 3599 1196 3662 actio-

168 3699 257 3762 nibus
273 3695 314 3774 ⁴).

170 3833 406 3846 *αι-..ι

224 3901 249 3967 1)
267 3901 388 3965 Vader,
406 3899 424 3951 l.
444 3916 466 3952 c.
485 3917 510 3968 p.
531 3905 589 3954 242.
608 3918 666 3969 sqq.

223 3989 249 4055 2)
267 3989 353 4040 Etbic.
372 3989 405 4039 ad
423 3990 524 4040 Nicom.
542 3989 571 4054 V,
593 3992 616 4042 3.
636 3993 660 4041 l.

223 4078 249 4144 3)
267 4077 353 4129 Ethic.
372 4076 404 4140 V,
424 4080 464 4128 10.

221 4163 248 4232 4)
267 4164 354 4216 Euhie
372 4165 409 4229 V,
433 4169 456 4215 1.
493 4162 559 4216 Vide
581 4161 841 4232 Droste-Hiilshoff,
865 4168 898 4220 de
921 4168 1070 4224 Aristotelis
1088 4171 1195 4238 justitia

169 4253 313 4306 universali
332 4259 357 4304 at
376 4252 537 4322 particulari.
567 4255 682 4307 Bonnae.
709 4257 784 4306 1826.
