3109 5292
800 555 865 622 itt

313 736 508 820 confingeret
522 743 575 800 oct
589 736 719 800 minuce
733 750 796 815 ope
811 734 1017 816 perficeretur
1028 734 1099 800 etsi
1109 737 1177 816 quis
1193 755 1260 800 erm
1273 737 1359 800 uilo-

314 837 1358 923 minusprojusteccquisitiortircousaitsbcrereiit,dominiumprimi

313 945 492 1025 occupantis
513 951 566 1006 eut
587 961 661 1007 cusu
686 951 739 1006 eut
758 941 828 1005 dolo
849 943 903 1006 niti
927 943 1143 1023 contenderet,
1168 964 1245 1028 crgo
1271 945 1357 1014 nullo

313 1057 399 1111 certe
411 1050 496 1131 justo
516 1048 615 1112 titulo.
652 1047 817 1110 Praeterea
837 1047 1020 1130 saepissime
1041 1049 1137 1130 primo
1158 1050 1287 1132 aiicujus
1306 1051 1355 1112 rei

312 1154 474 1233 occupatio
498 1151 684 1238 iniquissima
700 1159 756 1212 est
795 1150 890 1233 Finge
909 1151 1044 1216 viatores
1065 1155 1095 1216 in
1117 1153 1242 1218 deserto
1258 1171 1356 1235 pere·

312 1256 471 1338 griooutes
498 1257 608 1336 sitique
641 1255 814 1318 laborantes
841 1255 980 1319 invertire
1009 1257 1125 1320 iontem
1153 1266 1184 1320 et
1210 1259 1355 1340 quosdam

314 1376 420 1424 eorum
442 1361 646 1442 promptiores
667 1359 719 1422 uei
740 1358 887 1422 tortiores
908 1361 992 1424 ilium
1009 1379 1176 1443 occupare,
1198 1370 1232 1429 ut
1247 1381 1355 1443 equom

311 1463 439 1544 reliquis
454 1467 554 1546 pretio
570 1482 588 1526 o
603 1481 639 1526 se
653 1471 767 1526 statuto
788 1463 941 1543 vendent,
961 1483 1061 1530 nonne
1087 1468 1235 1549 ejusmodi
1258 1486 1356 1538 occu·

313 1567 395 1649 potio
417 1569 527 1650 injuste
543 1575 628 1632 esset
641 1567 791 1631 dicenda?
817 1569 998 1632 Rectissime
1014 1569 1099 1636 Gust
1109 1572 1198 1654 Hugo
1216 1571 1356 1634 animeri-

312 1673 422 1750 rertit‚
446 1673 636 1755 singulorum
658 1675 710 1755 jus
730 1691 784 1735 res
804 1673 916 1738 nuliius
943 1676 1112 1757 occupandi
1133 1677 1225 1740 nuliis
1245 1675 1355 1738 finibus

232 1778 234 1781 ’
312 1777 572 1858 circumscriptum
593 1777 676 1843 netto
696 1778 814 1843 ratione
837 1795 931 1859 posse
951 1781 1086 1860 probari.
1125 1778 1288 1844 Caeterum
1302 1782 1356 1862 jus

313 1881 393 1964 quod
413 1882 505 1944 elicui
525 1901 566 1944 ex
586 1882 800 1946 Keutmocrum
820 1884 970 1946 sententie
986 1884 1083 1964 primo
1098 1885 1258 1966 occupanti
1274 1885 1357 1947 eires

312 2004 378 2050 rem
392 2005 411 2048 u
425 2004 461 2049 se
476 1986 697 2069 apprehensum
714 1993 893 2068 competere
909 1996 1021 2069 potest,
1038 1991 1204 2050 dominium
1221 1988 1280 2052 diei
1295 2007 1356 2050 ue·

312 2091 385 2174 quit
408 2092 483 2156 Num
498 2109 561 2154 uon
575 2099 625 2154 ost
639 2094 670 2155 io
682 2110 718 2153 re
733 2093 800 2172 ipsa
816 2100 959 2156 coustcus
974 2089 1185 2174 potestessed
1201 2111 1355 2175 personae

312 2214 389 2260 suae
403 2197 566 2259 inviolatae
581 2197 689 2274 tutelo,
714 2214 773 2276 quo
798 2204 948 2260 contemtu
969 2197 1048 2260 eiter
1068 2198 1196 2279 injuriae
1212 2197 1263 2260 uel
1278 2215 1356 2261 eou-

311 2301 455 2364 tumeiice
472 2301 561 2363 nobis
576 2302 679 2364 iilotce
693 2319 769 2364 reus
784 2301 831 2379 iit,
859 2301 967 2366 eodem
987 2300 1079 2364 modo
1095 2320 1132 2364 ec
1147 2302 1215 2379 ille,
1237 2301 1290 2382 qui
1306 2300 1356 2362 ul·-

313 2413 412 2468 terum
427 2407 457 2468 in
473 2405 574 2486 utiquo
589 2404 660 2468 ioco
676 2406 727 2468 vei
742 2407 866 2470 fortuito
887 2426 959 2472 ceso
979 2415 1151 2470 versantem
1174 2405 1357 2470 offenderet

313 2509 390 2584 Quis
407 2528 540 2591 uuquam
554 2528 636 2589 eum,
651 2513 702 2593 qui
718 2531 786 2576 rem
800 2514 867 2576 sinc
883 2513 981 2576 enimc
997 2529 1065 2577 eom
1081 2512 1139 2575 sibi
1155 2518 1188 2574 ut
1202 2513 1358 2594 proprium

313 2613 457 2695 iubendi,
472 2623 566 2694 tenet,
583 2615 733 2680 domiuum
743 2618 965 2700 appellaverit?
981 2617 1111 2680 Dominii
1121 2617 1204 2680 notio
1220 2625 1280 2682 tem
1290 2617 1357 2682 tete

315 2737 377 2786 nou
392 2730 451 2799 est,
466 2728 503 2785 ut
518 2721 682 2802 quemlibet
696 2723 743 2784 rei
758 2722 965 2785 detentionem
980 2721 1226 2803 comprehendet.

381 2826 464 2889 iiceo
478 2828 579 2890 omnio
590 2826 671 2907 juris
677 2826 813 2906 gentium
824 2827 996 2908 praeceptis
1011 2826 1164 2907 hodieque
1179 2826 1357 2908 rigentibus

314 2929 546 3009 confirmentur,
569 2928 736 2992 secundum
757 2949 838 3011 queo
854 2932 999 3012 populus,
1019 2934 1106 3014 cujus
1121 2932 1243 2994 nomine
1259 2948 1356 2996 rocus

314 3033 404 3115 regio
419 3035 471 3098 rei
486 3034 583 3097 insuto
597 3032 719 3096 detecte
734 3042 917 3114 occupetur,
938 3051 1000 3098 nou
1022 3035 1121 3098 statim
1139 3036 1255 3117 justum
1270 3035 1302 3096 iu
1317 3050 1356 3096 ec

314 3136 431 3200 hebere
447 3145 592 3200 censetur
607 3138 784 3218 imperium,
809 3139 863 3204 sed
883 3146 945 3204 tum
966 3138 1103 3216 demum,
1130 3157 1198 3203 euro
1213 3144 1357 3202 coeterae

315 3241 470 3315 civitates,
490 3259 559 3304 oum
578 3241 688 3323 quibus
704 3243 734 3305 ei
746 3244 828 3324 juris
845 3251 893 3306 est
909 3243 1124 3320 communitos,
1148 3261 1218 3308 eum
1233 3260 1292 3324 pro
1307 3241 1358 3304 io-

312 3346 421 3429 gitimo
437 3363 541 3409 cerum
557 3355 709 3409 terrorum
725 3346 850 3411 domino
867 3348 982 3412 hebere
999 3349 1159 3429 coeperint
1176 3346 1216 3422 ¹).

384 3451 436 3514 90.
458 3449 571 3512 Eadem
588 3452 674 3528 ratio,
697 3468 756 3533 que
779 3469 830 3514 res
852 3453 964 3516 nuliius
985 3453 1152 3534 occupandi
1164 3453 1217 3533 jus
1232 3453 1359 3532 impug-

315 3558 472 3632 mrvimus,
493 3556 585 3617 etiem
605 3555 706 3619 obstet
715 3556 779 3638 juri
795 3566 960 3639 occupatas
976 3557 1122 3621 industrio
1137 3563 1241 3620 nostre
1256 3556 1287 3618 iu
1304 3572 1357 3618 ers

314 3665 451 3744 impenso
468 3677 507 3722 eo
523 3659 652 3722 oonsilio
666 3659 815 3739 mutendi,
838 3669 872 3724 ut
886 3661 957 3724 inde
978 3668 1128 3743 perpetuo
1143 3661 1232 3724 nobis
1246 3659 1357 3742 ecqui-

314 3775 430 3830 routur.
467 3764 543 3827 Nom
559 3765 585 3825 si
601 3763 689 3826 notis
705 3782 765 3826 non
782 3765 867 3842 licet,
892 3783 998 3829 omnes
1014 3782 1212 3847 quascunque
1228 3781 1282 3828 res
1297 3778 1357 3826 oo-

315 3871 475 3952 oupetione
490 3868 632 3950 potestati
647 3876 773 3931 nostroe
789 3870 954 3952 subjicere,
966 3889 1025 3952 quo
1041 3869 1161 3933 rotioue
1177 3867 1357 3932 frueremur

372 4106 396 4171 1)
414 4107 470 4156 Nec
482 4104 581 4156 bellice
593 4107 735 4172 occupatio
747 4107 853 4157 hostem
870 4103 1005 4156 dominum
1016 4103 1143 4156 territorii
1156 4104 1237 4156 umis
1249 4101 1357 4156 subusti

316 4189 403 4256 efficit,
422 4190 469 4242 sed
480 4193 538 4256 eius
551 4194 637 4244 coceio
649 4207 716 4258 poco
727 4194 796 4244 inite
807 4191 925 4259 regimme
936 4191 1016 4244 scote.
