<?xml version="1.0" encoding="UTF-8"?>
<!DOCTYPE html PUBLIC "-//W3C//DTD XHTML 1.0 Transitional//EN"
    "http://www.w3.org/TR/xhtml1/DTD/xhtml1-transitional.dtd">
<html xmlns="http://www.w3.org/1999/xhtml" xml:lang="en" lang="en">
 <head>
  <title>
</title>
<meta http-equiv="Content-Type" content="text/html;charset=utf-8" />
  <meta name='ocr-system' content='tesseract 3.04.00' />
  <meta name='ocr-capabilities' content='ocr_page ocr_carea ocr_par ocr_line ocrx_word'/>
</head>
<body>
  <div class='ocr_page' id='page_1' title='image "./philosophiaejur00warngoog_0192.png"; bbox 0 0 3109 5292; ppageno 0'>
   <div class='ocr_carea' id='block_1_1' title="bbox 678 605 738 671">
    <p class='ocr_par' dir='ltr' id='par_1_1' title="bbox 678 605 738 671">
     <span class='ocr_line' id='line_1_1' title="bbox 678 605 738 671; baseline -0.017 0"><span class='ocrx_word' id='word_1_1' title='bbox 678 605 738 671; x_wconf 80' lang='lat' dir='ltr'><strong>tet</strong></span> 
     </span>
    </p>
   </div>
   <div class='ocr_carea' id='block_1_2' title="bbox 187 783 1229 3679">
    <p class='ocr_par' dir='ltr' id='par_1_2' title="bbox 189 783 1229 1702">
     <span class='ocr_line' id='line_1_2' title="bbox 261 783 1229 867; baseline -0.002 -19"><span class='ocrx_word' id='word_1_2' title='bbox 261 783 334 848; x_wconf 83' lang='grc'><strong>154.</strong></span> <span class='ocrx_word' id='word_1_3' title='bbox 357 784 486 849; x_wconf 82' lang='lat' dir='ltr'><strong>Diuersa</strong></span> <span class='ocrx_word' id='word_1_4' title='bbox 500 791 601 848; x_wconf 87' lang='lat' dir='ltr'><strong>autem</strong></span> <span class='ocrx_word' id='word_1_5' title='bbox 617 801 741 848; x_wconf 85' lang='lat' dir='ltr'><strong>suarum</strong></span> <span class='ocrx_word' id='word_1_6' title='bbox 757 783 895 867; x_wconf 89' lang='lat' dir='ltr'><strong>gentium</strong></span> <span class='ocrx_word' id='word_1_7' title='bbox 911 785 991 846; x_wconf 90' lang='lat' dir='ltr'><strong>inter</strong></span> <span class='ocrx_word' id='word_1_8' title='bbox 1007 800 1041 847; x_wconf 87' lang='lat' dir='ltr'><strong>se</strong></span> <span class='ocrx_word' id='word_1_9' title='bbox 1056 784 1229 848; x_wconf 77' lang='lat' dir='ltr'><strong>relatioest</strong></span> 
     </span>
     <span class='ocr_line' id='line_1_3' title="bbox 189 888 1227 968; baseline -0.001 -16"><span class='ocrx_word' id='word_1_10' title='bbox 189 891 309 954; x_wconf 78' lang='lat' dir='ltr'><strong>exortis</strong></span> <span class='ocrx_word' id='word_1_11' title='bbox 322 889 578 967; x_wconf 72' lang='lat' dir='ltr'><strong>contentionibus,</strong></span> <span class='ocrx_word' id='word_1_12' title='bbox 594 906 674 968; x_wconf 89' lang='lat' dir='ltr'><strong>quae</strong></span> <span class='ocrx_word' id='word_1_13' title='bbox 687 889 736 951; x_wconf 92' lang='lat' dir='ltr'><strong>via</strong></span> <span class='ocrx_word' id='word_1_14' title='bbox 751 888 900 950; x_wconf 77' lang='lat' dir='ltr'><strong>amicabili</strong></span> <span class='ocrx_word' id='word_1_15' title='bbox 914 889 1054 968; x_wconf 91' lang='lat' dir='ltr'><strong>componi</strong></span> <span class='ocrx_word' id='word_1_16' title='bbox 1066 895 1227 968; x_wconf 79' lang='lat' dir='ltr'><strong>uepreunt</strong></span> 
     </span>
     <span class='ocr_line' id='line_1_4' title="bbox 189 991 1228 1073; baseline -0.004 -16"><span class='ocrx_word' id='word_1_17' title='bbox 189 995 280 1072; x_wconf 82' lang='lat' dir='ltr'><strong>Tum,</strong></span> <span class='ocrx_word' id='word_1_18' title='bbox 296 995 323 1056; x_wconf 89' lang='lat' dir='ltr'><strong>si</strong></span> <span class='ocrx_word' id='word_1_19' title='bbox 342 1010 444 1073; x_wconf 87' lang='lat' dir='ltr'><strong>neque</strong></span> <span class='ocrx_word' id='word_1_20' title='bbox 459 991 667 1073; x_wconf 86' lang='lat' dir='ltr'><strong>retorquendo</strong></span> <span class='ocrx_word' id='word_1_21' title='bbox 683 1000 734 1054; x_wconf 86' lang='lat' dir='ltr'><strong>aut</strong></span> <span class='ocrx_word' id='word_1_22' title='bbox 747 991 874 1068; x_wconf 90' lang='lat' dir='ltr'><strong>talione,</strong></span> <span class='ocrx_word' id='word_1_23' title='bbox 896 1009 1005 1071; x_wconf 86' lang='lat' dir='ltr'><strong>neque</strong></span> <span class='ocrx_word' id='word_1_24' title='bbox 1017 993 1228 1069; x_wconf 80' lang='lat' dir='ltr'><strong>repreasciiis,</strong></span> 
     </span>
     <span class='ocr_line' id='line_1_5' title="bbox 189 1095 1229 1179; baseline -0.001 -19"><span class='ocrx_word' id='word_1_25' title='bbox 189 1115 270 1179; x_wconf 81' lang='lat' dir='ltr'><strong>qrrae</strong></span> <span class='ocrx_word' id='word_1_26' title='bbox 285 1105 448 1174; x_wconf 86' lang='lat' dir='ltr'><strong>vocantur,</strong></span> <span class='ocrx_word' id='word_1_27' title='bbox 472 1095 542 1158; x_wconf 90' lang='lat' dir='ltr'><strong>lites</strong></span> <span class='ocrx_word' id='word_1_28' title='bbox 558 1096 637 1158; x_wconf 89' lang='lat' dir='ltr'><strong>liniri</strong></span> <span class='ocrx_word' id='word_1_29' title='bbox 652 1104 795 1176; x_wconf 80' lang='lat' dir='ltr'><strong>possunt,</strong></span> <span class='ocrx_word' id='word_1_30' title='bbox 820 1096 858 1158; x_wconf 94' lang='lat' dir='ltr'><strong>ad</strong></span> <span class='ocrx_word' id='word_1_31' title='bbox 876 1113 969 1157; x_wconf 86' lang='lat' dir='ltr'><strong>orma</strong></span> <span class='ocrx_word' id='word_1_32' title='bbox 984 1095 1173 1178; x_wconf 82' lang='lat' dir='ltr'><strong>confugitur,</strong></span> <span class='ocrx_word' id='word_1_33' title='bbox 1198 1104 1229 1159; x_wconf 90' lang='lat' dir='ltr'><strong>et</strong></span> 
     </span>
     <span class='ocr_line' id='line_1_6' title="bbox 189 1197 1228 1285; baseline -0.002 -20"><span class='ocrx_word' id='word_1_34' title='bbox 189 1203 271 1265; x_wconf 89' lang='lat' dir='ltr'><strong>bella</strong></span> <span class='ocrx_word' id='word_1_35' title='bbox 295 1208 455 1285; x_wconf 87' lang='lat' dir='ltr'><strong>geruntur.</strong></span> <span class='ocrx_word' id='word_1_36' title='bbox 495 1197 635 1262; x_wconf 80' lang='lat' dir='ltr'><strong>Attamen</strong></span> <span class='ocrx_word' id='word_1_37' title='bbox 659 1200 759 1262; x_wconf 88' lang='lat' dir='ltr'><strong>ethis</strong></span> <span class='ocrx_word' id='word_1_38' title='bbox 782 1199 960 1264; x_wconf 79' lang='lat' dir='ltr'><strong>durantibus</strong></span> <span class='ocrx_word' id='word_1_39' title='bbox 983 1200 1131 1280; x_wconf 84' lang='lat' dir='ltr'><strong>quaedum</strong></span> <span class='ocrx_word' id='word_1_40' title='bbox 1147 1202 1228 1283; x_wconf 77' lang='lat' dir='ltr'><strong>jurIs</strong></span> 
     </span>
     <span class='ocr_line' id='line_1_7' title="bbox 189 1302 1227 1386; baseline -0.002 -18"><span class='ocrx_word' id='word_1_41' title='bbox 189 1307 364 1369; x_wconf 79' lang='lat' dir='ltr'><strong>observatio</strong></span> <span class='ocrx_word' id='word_1_42' title='bbox 380 1312 428 1366; x_wconf 89' lang='lat' dir='ltr'><strong>est</strong></span> <span class='ocrx_word' id='word_1_43' title='bbox 442 1305 522 1365; x_wconf 90' lang='lat' dir='ltr'><strong>inter</strong></span> <span class='ocrx_word' id='word_1_44' title='bbox 537 1302 725 1382; x_wconf 79' lang='lat' dir='ltr'><strong>dimicantes,</strong></span> <span class='ocrx_word' id='word_1_45' title='bbox 740 1303 833 1385; x_wconf 90' lang='lat' dir='ltr'><strong>idque</strong></span> <span class='ocrx_word' id='word_1_46' title='bbox 846 1305 897 1386; x_wconf 86' lang='lat' dir='ltr'><strong>jus</strong></span> <span class='ocrx_word' id='word_1_47' title='bbox 913 1304 986 1368; x_wconf 92' lang='lat' dir='ltr'><strong>belli</strong></span> <span class='ocrx_word' id='word_1_48' title='bbox 1001 1312 1136 1367; x_wconf 83' lang='lat' dir='ltr'><strong>vocatur.</strong></span> <span class='ocrx_word' id='word_1_49' title='bbox 1164 1304 1227 1366; x_wconf 77' lang='grc'><strong>’11-</strong></span> 
     </span>
     <span class='ocr_line' id='line_1_8' title="bbox 190 1408 1227 1491; baseline -0.003 -18"><span class='ocrx_word' id='word_1_50' title='bbox 190 1410 252 1473; x_wconf 91' lang='lat' dir='ltr'><strong>cito</strong></span> <span class='ocrx_word' id='word_1_51' title='bbox 265 1411 344 1472; x_wconf 90' lang='lat' dir='ltr'><strong>enim</strong></span> <span class='ocrx_word' id='word_1_52' title='bbox 361 1408 543 1491; x_wconf 92' lang='lat' dir='ltr'><strong>populorum</strong></span> <span class='ocrx_word' id='word_1_53' title='bbox 564 1408 723 1470; x_wconf 88' lang='lat' dir='ltr'><strong>cultiorum</strong></span> <span class='ocrx_word' id='word_1_54' title='bbox 746 1425 901 1476; x_wconf 89' lang='lat' dir='ltr'><strong>consensu</strong></span> <span class='ocrx_word' id='word_1_55' title='bbox 921 1409 1049 1491; x_wconf 85' lang='lat' dir='ltr'><strong>regulae</strong></span> <span class='ocrx_word' id='word_1_56' title='bbox 1069 1418 1100 1470; x_wconf 88' lang='lat' dir='ltr'><strong>et</strong></span> <span class='ocrx_word' id='word_1_57' title='bbox 1116 1410 1227 1491; x_wconf 87' lang='lat' dir='ltr'><strong>egendi</strong></span> 
     </span>
     <span class='ocr_line' id='line_1_9' title="bbox 189 1511 1227 1594; baseline -0.002 -17"><span class='ocrx_word' id='word_1_58' title='bbox 189 1533 314 1578; x_wconf 91' lang='lat' dir='ltr'><strong>normae</strong></span> <span class='ocrx_word' id='word_1_59' title='bbox 335 1520 481 1594; x_wconf 83' lang='lat' dir='ltr'><strong>receptae</strong></span> <span class='ocrx_word' id='word_1_60' title='bbox 500 1520 585 1590; x_wconf 84' lang='lat' dir='ltr'><strong>sunt,</strong></span> <span class='ocrx_word' id='word_1_61' title='bbox 608 1512 648 1574; x_wconf 89' lang='lat' dir='ltr'><strong>de</strong></span> <span class='ocrx_word' id='word_1_62' title='bbox 669 1511 757 1575; x_wconf 91' lang='lat' dir='ltr'><strong>bellis</strong></span> <span class='ocrx_word' id='word_1_63' title='bbox 773 1515 858 1594; x_wconf 90' lang='lat' dir='ltr'><strong>juste</strong></span> <span class='ocrx_word' id='word_1_64' title='bbox 878 1520 908 1575; x_wconf 90' lang='lat' dir='ltr'><strong>et</strong></span> <span class='ocrx_word' id='word_1_65' title='bbox 926 1531 988 1575; x_wconf 91' lang='lat' dir='ltr'><strong>non</strong></span> <span class='ocrx_word' id='word_1_66' title='bbox 1008 1513 1127 1576; x_wconf 90' lang='lat' dir='ltr'><strong>immani</strong></span> <span class='ocrx_word' id='word_1_67' title='bbox 1142 1528 1227 1575; x_wconf 87' lang='lat' dir='ltr'><strong>more</strong></span> 
     </span>
     <span class='ocr_line' id='line_1_10' title="bbox 191 1617 391 1702; baseline -0.02 -20"><span class='ocrx_word' id='word_1_68' title='bbox 191 1617 338 1702; x_wconf 80' lang='lat' dir='ltr'><strong>gerendis</strong></span> <span class='ocrx_word' id='word_1_69' title='bbox 353 1617 391 1692; x_wconf 85' lang='grc'><strong>1).</strong></span> 
     </span>
    </p>

    <p class='ocr_par' dir='ltr' id='par_1_3' title="bbox 189 1719 1228 2329">
     <span class='ocr_line' id='line_1_11' title="bbox 255 1719 1227 1786; baseline -0.002 -2"><span class='ocrx_word' id='word_1_70' title='bbox 255 1724 425 1786; x_wconf 88' lang='lat' dir='ltr'><strong>Versantur</strong></span> <span class='ocrx_word' id='word_1_71' title='bbox 439 1721 520 1784; x_wconf 86' lang='lat' dir='ltr'><strong>eirca</strong></span> <span class='ocrx_word' id='word_1_72' title='bbox 535 1720 608 1783; x_wconf 90' lang='lat' dir='ltr'><strong>belli</strong></span> <span class='ocrx_word' id='word_1_73' title='bbox 623 1721 738 1783; x_wconf 91' lang='lat' dir='ltr'><strong>initium</strong></span> <span class='ocrx_word' id='word_1_74' title='bbox 755 1719 981 1784; x_wconf 86' lang='lat' dir='ltr'><strong>denuntiatione</strong></span> <span class='ocrx_word' id='word_1_75' title='bbox 998 1720 1048 1782; x_wconf 89' lang='lat' dir='ltr'><strong>vel</strong></span> <span class='ocrx_word' id='word_1_76' title='bbox 1064 1720 1227 1783; x_wconf 87' lang='lat' dir='ltr'><strong>indictione</strong></span> 
     </span>
     <span class='ocr_line' id='line_1_12' title="bbox 189 1823 1228 1905; baseline -0.004 -16"><span class='ocrx_word' id='word_1_77' title='bbox 189 1827 374 1904; x_wconf 83' lang='lat' dir='ltr'><strong>faciendum,</strong></span> <span class='ocrx_word' id='word_1_78' title='bbox 390 1826 473 1887; x_wconf 89' lang='lat' dir='ltr'><strong>circa</strong></span> <span class='ocrx_word' id='word_1_79' title='bbox 482 1841 648 1905; x_wconf 88' lang='lat' dir='ltr'><strong>personas,</strong></span> <span class='ocrx_word' id='word_1_80' title='bbox 664 1825 773 1905; x_wconf 85' lang='lat' dir='ltr'><strong>quibus</strong></span> <span class='ocrx_word' id='word_1_81' title='bbox 791 1833 931 1905; x_wconf 89' lang='lat' dir='ltr'><strong>tanquam</strong></span> <span class='ocrx_word' id='word_1_82' title='bbox 946 1825 1083 1888; x_wconf 87' lang='lat' dir='ltr'><strong>hostibus</strong></span> <span class='ocrx_word' id='word_1_83' title='bbox 1099 1823 1160 1888; x_wconf 89' lang='lat' dir='ltr'><strong>vim</strong></span> <span class='ocrx_word' id='word_1_84' title='bbox 1176 1825 1228 1886; x_wconf 92' lang='lat' dir='ltr'><strong>in-</strong></span> 
     </span>
     <span class='ocr_line' id='line_1_13' title="bbox 189 1928 1227 2006; baseline -0.003 -12"><span class='ocrx_word' id='word_1_85' title='bbox 189 1932 275 1994; x_wconf 88' lang='lat' dir='ltr'><strong>ferre</strong></span> <span class='ocrx_word' id='word_1_86' title='bbox 291 1939 324 1992; x_wconf 88' lang='lat' dir='ltr'><strong>et</strong></span> <span class='ocrx_word' id='word_1_87' title='bbox 337 1938 465 1993; x_wconf 90' lang='lat' dir='ltr'><strong>mortem</strong></span> <span class='ocrx_word' id='word_1_88' title='bbox 484 1928 559 1991; x_wconf 90' lang='lat' dir='ltr'><strong>dare</strong></span> <span class='ocrx_word' id='word_1_89' title='bbox 579 1929 685 2006; x_wconf 85' lang='lat' dir='ltr'><strong>liceat,</strong></span> <span class='ocrx_word' id='word_1_90' title='bbox 710 1937 846 1992; x_wconf 88' lang='lat' dir='ltr'><strong>statuunt</strong></span> <span class='ocrx_word' id='word_1_91' title='bbox 861 1929 900 1991; x_wconf 91' lang='lat' dir='ltr'><strong>de</strong></span> <span class='ocrx_word' id='word_1_92' title='bbox 916 1929 1005 1992; x_wconf 89' lang='lat' dir='ltr'><strong>licitis</strong></span> <span class='ocrx_word' id='word_1_93' title='bbox 1020 1929 1093 1990; x_wconf 87' lang='lat' dir='ltr'><strong>belli</strong></span> <span class='ocrx_word' id='word_1_94' title='bbox 1110 1931 1227 1991; x_wconf 86' lang='lat' dir='ltr'><strong>iustru-</strong></span> 
     </span>
     <span class='ocr_line' id='line_1_14' title="bbox 189 2031 1227 2117; baseline -0.005 -18"><span class='ocrx_word' id='word_1_95' title='bbox 189 2038 310 2115; x_wconf 86' lang='lat' dir='ltr'><strong>mentis,</strong></span> <span class='ocrx_word' id='word_1_96' title='bbox 326 2037 364 2097; x_wconf 92' lang='lat' dir='ltr'><strong>de</strong></span> <span class='ocrx_word' id='word_1_97' title='bbox 376 2034 556 2117; x_wconf 86' lang='lat' dir='ltr'><strong>oppidorum</strong></span> <span class='ocrx_word' id='word_1_98' title='bbox 569 2042 600 2096; x_wconf 90' lang='lat' dir='ltr'><strong>et</strong></span> <span class='ocrx_word' id='word_1_99' title='bbox 614 2032 828 2096; x_wconf 76' lang='lat' dir='ltr'><strong>fortalitiorum</strong></span> <span class='ocrx_word' id='word_1_100' title='bbox 842 2033 1080 2116; x_wconf 82' lang='lat' dir='ltr'><strong>expugnatione,</strong></span> <span class='ocrx_word' id='word_1_101' title='bbox 1097 2031 1135 2094; x_wconf 89' lang='lat' dir='ltr'><strong>de</strong></span> <span class='ocrx_word' id='word_1_102' title='bbox 1150 2050 1227 2113; x_wconf 87' lang='lat' dir='ltr'><strong>cap-</strong></span> 
     </span>
     <span class='ocr_line' id='line_1_15' title="bbox 189 2136 1228 2220; baseline -0.007 -15"><span class='ocrx_word' id='word_1_103' title='bbox 189 2143 261 2205; x_wconf 83' lang='lat' dir='ltr'><strong>tivis</strong></span> <span class='ocrx_word' id='word_1_104' title='bbox 278 2150 309 2204; x_wconf 93' lang='lat' dir='ltr'><strong>et</strong></span> <span class='ocrx_word' id='word_1_105' title='bbox 324 2141 455 2217; x_wconf 91' lang='lat' dir='ltr'><strong>deditiis,</strong></span> <span class='ocrx_word' id='word_1_106' title='bbox 472 2139 512 2202; x_wconf 92' lang='lat' dir='ltr'><strong>de</strong></span> <span class='ocrx_word' id='word_1_107' title='bbox 527 2140 728 2220; x_wconf 89' lang='lat' dir='ltr'><strong>occupatione</strong></span> <span class='ocrx_word' id='word_1_108' title='bbox 744 2156 848 2200; x_wconf 91' lang='lat' dir='ltr'><strong>rerum</strong></span> <span class='ocrx_word' id='word_1_109' title='bbox 863 2136 1017 2201; x_wconf 88' lang='lat' dir='ltr'><strong>hostilium</strong></span> <span class='ocrx_word' id='word_1_110' title='bbox 1036 2144 1068 2199; x_wconf 90' lang='lat' dir='ltr'><strong>et</strong></span> <span class='ocrx_word' id='word_1_111' title='bbox 1083 2154 1228 2218; x_wconf 84' lang='lat' dir='ltr'><strong>agrorum</strong></span> 
     </span>
     <span class='ocr_line' id='line_1_16' title="bbox 190 2245 466 2329; baseline -0.011 -20"><span class='ocrx_word' id='word_1_112' title='bbox 190 2246 297 2329; x_wconf 91' lang='lat' dir='ltr'><strong>populi</strong></span> <span class='ocrx_word' id='word_1_113' title='bbox 313 2245 466 2307; x_wconf 91' lang='lat' dir='ltr'><strong>debellati.</strong></span> 
     </span>
    </p>

    <p class='ocr_par' dir='ltr' id='par_1_4' title="bbox 188 2345 1229 3058">
     <span class='ocr_line' id='line_1_17' title="bbox 257 2345 1227 2432; baseline -0.004 -20"><span class='ocrx_word' id='word_1_114' title='bbox 257 2349 326 2412; x_wconf 81' lang='lat' dir='ltr'><strong>Alie</strong></span> <span class='ocrx_word' id='word_1_115' title='bbox 341 2356 507 2432; x_wconf 85' lang='lat' dir='ltr'><strong>praecepta</strong></span> <span class='ocrx_word' id='word_1_116' title='bbox 527 2357 666 2432; x_wconf 85' lang='lat' dir='ltr'><strong>spectant</strong></span> <span class='ocrx_word' id='word_1_117' title='bbox 687 2347 923 2424; x_wconf 89' lang='lat' dir='ltr'><strong>conventiones,</strong></span> <span class='ocrx_word' id='word_1_118' title='bbox 944 2363 1023 2427; x_wconf 87' lang='lat' dir='ltr'><strong>quae</strong></span> <span class='ocrx_word' id='word_1_119' title='bbox 1043 2345 1117 2407; x_wconf 90' lang='lat' dir='ltr'><strong>belli</strong></span> <span class='ocrx_word' id='word_1_120' title='bbox 1132 2361 1227 2408; x_wconf 56' lang='lat' dir='ltr'><strong>occa*</strong></span> 
     </span>
     <span class='ocr_line' id='line_1_18' title="bbox 190 2453 1228 2534; baseline -0.006 -16"><span class='ocrx_word' id='word_1_121' title='bbox 190 2455 276 2518; x_wconf 83' lang='lat' dir='ltr'><strong>sione</strong></span> <span class='ocrx_word' id='word_1_122' title='bbox 289 2454 373 2532; x_wconf 88' lang='lat' dir='ltr'><strong>fiunt,</strong></span> <span class='ocrx_word' id='word_1_123' title='bbox 391 2453 495 2534; x_wconf 87' lang='lat' dir='ltr'><strong>quales</strong></span> <span class='ocrx_word' id='word_1_124' title='bbox 508 2461 578 2515; x_wconf 89' lang='lat' dir='ltr'><strong>sunt</strong></span> <span class='ocrx_word' id='word_1_125' title='bbox 589 2453 737 2514; x_wconf 82' lang='lat' dir='ltr'><strong>induciae</strong></span> <span class='ocrx_word' id='word_1_126' title='bbox 750 2461 782 2514; x_wconf 90' lang='lat' dir='ltr'><strong>et</strong></span> <span class='ocrx_word' id='word_1_127' title='bbox 797 2453 1038 2527; x_wconf 81' lang='lat' dir='ltr'><strong>capitulationes</strong></span> <span class='ocrx_word' id='word_1_128' title='bbox 1055 2455 1152 2531; x_wconf 85' lang='lat' dir='ltr'><strong>(quae</strong></span> <span class='ocrx_word' id='word_1_129' title='bbox 1168 2467 1228 2512; x_wconf 88' lang='lat' dir='ltr'><strong>vo-</strong></span> 
     </span>
     <span class='ocr_line' id='line_1_19' title="bbox 190 2554 1229 2639; baseline -0.004 -19"><span class='ocrx_word' id='word_1_130' title='bbox 190 2563 326 2636; x_wconf 85' lang='lat' dir='ltr'><strong>cantur),</strong></span> <span class='ocrx_word' id='word_1_131' title='bbox 339 2559 358 2620; x_wconf 88' lang='lat' dir='ltr'><strong>i.</strong></span> <span class='ocrx_word' id='word_1_132' title='bbox 368 2577 394 2620; x_wconf 94' lang='lat' dir='ltr'><strong>e.</strong></span> <span class='ocrx_word' id='word_1_133' title='bbox 407 2559 564 2639; x_wconf 90' lang='lat' dir='ltr'><strong>copiarum</strong></span> <span class='ocrx_word' id='word_1_134' title='bbox 577 2558 629 2621; x_wconf 88' lang='lat' dir='ltr'><strong>vel</strong></span> <span class='ocrx_word' id='word_1_135' title='bbox 640 2557 775 2619; x_wconf 90' lang='lat' dir='ltr'><strong>locorum</strong></span> <span class='ocrx_word' id='word_1_136' title='bbox 790 2555 914 2633; x_wconf 88' lang='lat' dir='ltr'><strong>deditio,</strong></span> <span class='ocrx_word' id='word_1_137' title='bbox 926 2554 1053 2617; x_wconf 85' lang='lat' dir='ltr'><strong>foedera</strong></span> <span class='ocrx_word' id='word_1_138' title='bbox 1065 2555 1183 2631; x_wconf 89' lang='lat' dir='ltr'><strong>bellica,</strong></span> <span class='ocrx_word' id='word_1_139' title='bbox 1198 2562 1229 2616; x_wconf 93' lang='lat' dir='ltr'><strong>et</strong></span> 
     </span>
     <span class='ocr_line' id='line_1_20' title="bbox 190 2658 1227 2742; baseline -0.007 -17"><span class='ocrx_word' id='word_1_140' title='bbox 190 2662 230 2725; x_wconf 92' lang='lat' dir='ltr'><strong>de</strong></span> <span class='ocrx_word' id='word_1_141' title='bbox 251 2663 478 2737; x_wconf 71' lang='grc'><strong>1111111111,</strong></span> <span class='ocrx_word' id='word_1_142' title='bbox 498 2680 577 2742; x_wconf 87' lang='lat' dir='ltr'><strong>quae</strong></span> <span class='ocrx_word' id='word_1_143' title='bbox 600 2661 726 2739; x_wconf 88' lang='lat' dir='ltr'><strong>dicitur,</strong></span> <span class='ocrx_word' id='word_1_144' title='bbox 749 2668 852 2742; x_wconf 85' lang='lat' dir='ltr'><strong>pactu:</strong></span> <span class='ocrx_word' id='word_1_145' title='bbox 879 2660 1008 2740; x_wconf 88' lang='lat' dir='ltr'><strong>denique</strong></span> <span class='ocrx_word' id='word_1_146' title='bbox 1025 2658 1064 2721; x_wconf 90' lang='lat' dir='ltr'><strong>de</strong></span> <span class='ocrx_word' id='word_1_147' title='bbox 1085 2675 1160 2740; x_wconf 83' lang='lat' dir='ltr'><strong>pace</strong></span> <span class='ocrx_word' id='word_1_148' title='bbox 1177 2659 1227 2720; x_wconf 94' lang='lat' dir='ltr'><strong>in-</strong></span> 
     </span>
     <span class='ocr_line' id='line_1_21' title="bbox 189 2763 1227 2845; baseline -0.005 -16"><span class='ocrx_word' id='word_1_149' title='bbox 189 2767 304 2844; x_wconf 88' lang='lat' dir='ltr'><strong>eunda,</strong></span> <span class='ocrx_word' id='word_1_150' title='bbox 324 2765 468 2828; x_wconf 90' lang='lat' dir='ltr'><strong>firmanda</strong></span> <span class='ocrx_word' id='word_1_151' title='bbox 487 2773 519 2826; x_wconf 89' lang='lat' dir='ltr'><strong>et</strong></span> <span class='ocrx_word' id='word_1_152' title='bbox 538 2764 735 2845; x_wconf 86' lang='lat' dir='ltr'><strong>exsequenda</strong></span> <span class='ocrx_word' id='word_1_153' title='bbox 755 2771 927 2826; x_wconf 81' lang='lat' dir='ltr'><strong>tractatus.</strong></span> <span class='ocrx_word' id='word_1_154' title='bbox 965 2764 1011 2826; x_wconf 83' lang='lat' dir='ltr'><strong>ne</strong></span> <span class='ocrx_word' id='word_1_155' title='bbox 1026 2763 1073 2828; x_wconf 91' lang='lat' dir='ltr'><strong>bis</strong></span> <span class='ocrx_word' id='word_1_156' title='bbox 1090 2763 1227 2826; x_wconf 90' lang='lat' dir='ltr'><strong>omnibus</strong></span> 
     </span>
     <span class='ocr_line' id='line_1_22' title="bbox 189 2866 1227 2954; baseline -0.004 -21"><span class='ocrx_word' id='word_1_157' title='bbox 189 2871 367 2954; x_wconf 85' lang='lat' dir='ltr'><strong>diligentior</strong></span> <span class='ocrx_word' id='word_1_158' title='bbox 392 2869 561 2950; x_wconf 88' lang='lat' dir='ltr'><strong>disquisitio</strong></span> <span class='ocrx_word' id='word_1_159' title='bbox 588 2871 754 2947; x_wconf 85' lang='lat' dir='ltr'><strong>instituitur</strong></span> <span class='ocrx_word' id='word_1_160' title='bbox 776 2871 808 2933; x_wconf 91' lang='lat' dir='ltr'><strong>in</strong></span> <span class='ocrx_word' id='word_1_161' title='bbox 830 2869 931 2947; x_wconf 92' lang='lat' dir='ltr'><strong>libris,</strong></span> <span class='ocrx_word' id='word_1_162' title='bbox 961 2869 992 2930; x_wconf 92' lang='lat' dir='ltr'><strong>in</strong></span> <span class='ocrx_word' id='word_1_163' title='bbox 1018 2866 1127 2948; x_wconf 88' lang='lat' dir='ltr'><strong>quibus</strong></span> <span class='ocrx_word' id='word_1_164' title='bbox 1147 2866 1227 2948; x_wconf 78' lang='lat' dir='ltr'><strong>Juris</strong></span> 
     </span>
     <span class='ocr_line' id='line_1_23' title="bbox 188 2975 979 3058; baseline -0.005 -20"><span class='ocrx_word' id='word_1_165' title='bbox 188 2976 324 3058; x_wconf 85' lang='lat' dir='ltr'><strong>gentium</strong></span> <span class='ocrx_word' id='word_1_166' title='bbox 339 2975 570 3055; x_wconf 84' lang='lat' dir='ltr'><strong>Europeeurum</strong></span> <span class='ocrx_word' id='word_1_167' title='bbox 585 2982 751 3056; x_wconf 87' lang='lat' dir='ltr'><strong>praecepta</strong></span> <span class='ocrx_word' id='word_1_168' title='bbox 769 2975 979 3055; x_wconf 80' lang='lat' dir='ltr'><strong>explanantur.</strong></span> 
     </span>
    </p>

    <p class='ocr_par' dir='ltr' id='par_1_5' title="bbox 187 3077 1228 3679">
     <span class='ocr_line' id='line_1_24' title="bbox 257 3077 1228 3159; baseline -0.005 -20"><span class='ocrx_word' id='word_1_169' title='bbox 257 3077 328 3140; x_wconf 90' lang='grc'><strong>155.</strong></span> <span class='ocrx_word' id='word_1_170' title='bbox 351 3077 455 3139; x_wconf 84' lang='lat' dir='ltr'><strong>Finem</strong></span> <span class='ocrx_word' id='word_1_171' title='bbox 469 3079 656 3159; x_wconf 88' lang='lat' dir='ltr'><strong>imposituris</strong></span> <span class='ocrx_word' id='word_1_172' title='bbox 680 3079 767 3141; x_wconf 90' lang='lat' dir='ltr'><strong>nobis</strong></span> <span class='ocrx_word' id='word_1_173' title='bbox 784 3079 855 3141; x_wconf 89' lang='lat' dir='ltr'><strong>huic</strong></span> <span class='ocrx_word' id='word_1_174' title='bbox 871 3077 960 3158; x_wconf 90' lang='lat' dir='ltr'><strong>capiti</strong></span> <span class='ocrx_word' id='word_1_175' title='bbox 976 3092 1068 3138; x_wconf 91' lang='lat' dir='ltr'><strong>unum</strong></span> <span class='ocrx_word' id='word_1_176' title='bbox 1084 3081 1228 3155; x_wconf 88' lang='lat' dir='ltr'><strong>superest</strong></span> 
     </span>
     <span class='ocr_line' id='line_1_25' title="bbox 189 3178 1226 3264; baseline -0.005 -21"><span class='ocrx_word' id='word_1_177' title='bbox 189 3199 330 3244; x_wconf 87' lang='lat' dir='ltr'><strong>monere:</strong></span> <span class='ocrx_word' id='word_1_178' title='bbox 347 3200 388 3244; x_wconf 82' lang='lat' dir='ltr'><strong>ex</strong></span> <span class='ocrx_word' id='word_1_179' title='bbox 398 3184 471 3263; x_wconf 88' lang='lat' dir='ltr'><strong>jure</strong></span> <span class='ocrx_word' id='word_1_180' title='bbox 483 3182 563 3244; x_wconf 92' lang='lat' dir='ltr'><strong>inter</strong></span> <span class='ocrx_word' id='word_1_181' title='bbox 576 3182 653 3245; x_wconf 93' lang='lat' dir='ltr'><strong>duos</strong></span> <span class='ocrx_word' id='word_1_182' title='bbox 665 3183 794 3263; x_wconf 91' lang='lat' dir='ltr'><strong>populos</strong></span> <span class='ocrx_word' id='word_1_183' title='bbox 808 3189 946 3264; x_wconf 88' lang='lat' dir='ltr'><strong>recepto,</strong></span> <span class='ocrx_word' id='word_1_184' title='bbox 962 3197 1023 3242; x_wconf 90' lang='lat' dir='ltr'><strong>non</strong></span> <span class='ocrx_word' id='word_1_185' title='bbox 1037 3178 1133 3240; x_wconf 92' lang='lat' dir='ltr'><strong>solum</strong></span> <span class='ocrx_word' id='word_1_186' title='bbox 1147 3178 1226 3238; x_wconf 89' lang='lat' dir='ltr'><strong>civi-</strong></span> 
     </span>
     <span class='ocr_line' id='line_1_26' title="bbox 187 3282 1226 3367; baseline -0.007 -17"><span class='ocrx_word' id='word_1_187' title='bbox 187 3287 299 3350; x_wconf 84' lang='lat' dir='ltr'><strong>tatibus</strong></span> <span class='ocrx_word' id='word_1_188' title='bbox 316 3304 479 3366; x_wconf 89' lang='lat' dir='ltr'><strong>earumque</strong></span> <span class='ocrx_word' id='word_1_189' title='bbox 494 3287 669 3349; x_wconf 89' lang='lat' dir='ltr'><strong>rectoribus</strong></span> <span class='ocrx_word' id='word_1_190' title='bbox 687 3288 772 3349; x_wconf 89' lang='lat' dir='ltr'><strong>nasci</strong></span> <span class='ocrx_word' id='word_1_191' title='bbox 784 3287 871 3367; x_wconf 88' lang='lat' dir='ltr'><strong>jura,</strong></span> <span class='ocrx_word' id='word_1_192' title='bbox 891 3301 999 3346; x_wconf 87' lang='lat' dir='ltr'><strong>verum</strong></span> <span class='ocrx_word' id='word_1_193' title='bbox 1020 3283 1108 3345; x_wconf 89' lang='lat' dir='ltr'><strong>etiem</strong></span> <span class='ocrx_word' id='word_1_194' title='bbox 1126 3282 1226 3344; x_wconf 90' lang='lat' dir='ltr'><strong>omni-</strong></span> 
     </span>
     <span class='ocr_line' id='line_1_27' title="bbox 189 3387 1226 3463; baseline -0.005 -10"><span class='ocrx_word' id='word_1_195' title='bbox 189 3392 247 3453; x_wconf 91' lang='lat' dir='ltr'><strong>bus</strong></span> <span class='ocrx_word' id='word_1_196' title='bbox 262 3388 431 3453; x_wconf 88' lang='lat' dir='ltr'><strong>bominibus</strong></span> <span class='ocrx_word' id='word_1_197' title='bbox 447 3407 488 3451; x_wconf 82' lang='lat' dir='ltr'><strong>ex</strong></span> <span class='ocrx_word' id='word_1_198' title='bbox 502 3390 563 3452; x_wconf 91' lang='lat' dir='ltr'><strong>illis</strong></span> <span class='ocrx_word' id='word_1_199' title='bbox 579 3390 725 3453; x_wconf 89' lang='lat' dir='ltr'><strong>oriundis.</strong></span> <span class='ocrx_word' id='word_1_200' title='bbox 765 3390 823 3463; x_wconf 84' lang='lat' dir='ltr'><strong>Qui</strong></span> <span class='ocrx_word' id='word_1_201' title='bbox 843 3388 968 3450; x_wconf 90' lang='lat' dir='ltr'><strong>enimin</strong></span> <span class='ocrx_word' id='word_1_202' title='bbox 989 3387 1087 3450; x_wconf 88' lang='lat' dir='ltr'><strong>aliena</strong></span> <span class='ocrx_word' id='word_1_203' title='bbox 1104 3387 1226 3450; x_wconf 92' lang='lat' dir='ltr'><strong>civitate</strong></span> 
     </span>
     <span class='ocr_line' id='line_1_28' title="bbox 189 3492 1226 3575; baseline -0.003 -20"><span class='ocrx_word' id='word_1_204' title='bbox 189 3502 360 3571; x_wconf 84' lang='lat' dir='ltr'><strong>versentur,</strong></span> <span class='ocrx_word' id='word_1_205' title='bbox 376 3494 517 3556; x_wconf 90' lang='lat' dir='ltr'><strong>libertate</strong></span> <span class='ocrx_word' id='word_1_206' title='bbox 534 3502 565 3555; x_wconf 91' lang='lat' dir='ltr'><strong>et</strong></span> <span class='ocrx_word' id='word_1_207' title='bbox 579 3495 672 3557; x_wconf 83' lang='lat' dir='ltr'><strong>tutela</strong></span> <span class='ocrx_word' id='word_1_208' title='bbox 686 3503 743 3556; x_wconf 87' lang='lat' dir='ltr'><strong>tam</strong></span> <span class='ocrx_word' id='word_1_209' title='bbox 758 3510 957 3575; x_wconf 85' lang='lat' dir='ltr'><strong>personarum</strong></span> <span class='ocrx_word' id='word_1_210' title='bbox 974 3510 1062 3573; x_wconf 84' lang='lat' dir='ltr'><strong>quem</strong></span> <span class='ocrx_word' id='word_1_211' title='bbox 1078 3492 1226 3554; x_wconf 87' lang='lat' dir='ltr'><strong>bonorum</strong></span> 
     </span>
     <span class='ocr_line' id='line_1_29' title="bbox 189 3593 1226 3679; baseline -0.004 -18"><span class='ocrx_word' id='word_1_212' title='bbox 189 3615 315 3662; x_wconf 86' lang='lat' dir='ltr'><strong>suorum</strong></span> <span class='ocrx_word' id='word_1_213' title='bbox 335 3597 396 3661; x_wconf 87' lang='lat' dir='ltr'><strong>frui</strong></span> <span class='ocrx_word' id='word_1_214' title='bbox 418 3599 534 3676; x_wconf 87' lang='lat' dir='ltr'><strong>solent,</strong></span> <span class='ocrx_word' id='word_1_215' title='bbox 559 3615 616 3679; x_wconf 92' lang='lat' dir='ltr'><strong>pro</strong></span> <span class='ocrx_word' id='word_1_216' title='bbox 636 3598 727 3661; x_wconf 91' lang='lat' dir='ltr'><strong>modo</strong></span> <span class='ocrx_word' id='word_1_217' title='bbox 750 3595 929 3660; x_wconf 80' lang='lat' dir='ltr'><strong>foederibus</strong></span> <span class='ocrx_word' id='word_1_218' title='bbox 945 3597 1115 3658; x_wconf 88' lang='lat' dir='ltr'><strong>constituto.</strong></span> <span class='ocrx_word' id='word_1_219' title='bbox 1155 3593 1226 3657; x_wconf 81' lang='lat' dir='ltr'><strong>Ali-</strong></span> 
     </span>
    </p>
   </div>
   <div class='ocr_carea' id='block_1_3' title="bbox 188 3799 1226 4044">
    <p class='ocr_par' dir='ltr' id='par_1_6' title="bbox 188 3799 1226 4044">
     <span class='ocr_line' id='line_1_30' title="bbox 188 3799 1226 3870; baseline -0.004 -14"><span class='ocrx_word' id='word_1_220' title='bbox 188 3805 276 3856; x_wconf 78' lang='grc'><strong>111111</strong></span> <span class='ocrx_word' id='word_1_221' title='bbox 284 3807 353 3870; x_wconf 88' lang='lat' dir='ltr'><strong>juris</strong></span> <span class='ocrx_word' id='word_1_222' title='bbox 365 3807 485 3870; x_wconf 85' lang='lat' dir='ltr'><strong>gentium</strong></span> <span class='ocrx_word' id='word_1_223' title='bbox 497 3804 545 3854; x_wconf 89' lang='lat' dir='ltr'><strong>lib.</strong></span> <span class='ocrx_word' id='word_1_224' title='bbox 551 3804 624 3854; x_wconf 81' lang='lat' dir='ltr'><strong>Vttt.</strong></span> <span class='ocrx_word' id='word_1_225' title='bbox 639 3805 820 3866; x_wconf 73' lang='lat'>§.144-139.</span> <span class='ocrx_word' id='word_1_226' title='bbox 840 3800 969 3864; x_wconf 84' lang='lat' dir='ltr'><strong>Klliber,</strong></span> <span class='ocrx_word' id='word_1_227' title='bbox 982 3799 1008 3852; x_wconf 87' lang='lat' dir='ltr'><strong>lo</strong></span> <span class='ocrx_word' id='word_1_228' title='bbox 1021 3800 1091 3851; x_wconf 86' lang='lat' dir='ltr'><strong>droit</strong></span> <span class='ocrx_word' id='word_1_229' title='bbox 1103 3801 1148 3851; x_wconf 88' lang='lat' dir='ltr'><strong>des</strong></span> <span class='ocrx_word' id='word_1_230' title='bbox 1160 3817 1226 3867; x_wconf 83' lang='lat' dir='ltr'><strong>gens</strong></span> 
     </span>
     <span class='ocr_line' id='line_1_31' title="bbox 189 3887 1225 3958; baseline -0.005 -16"><span class='ocrx_word' id='word_1_231' title='bbox 189 3893 222 3942; x_wconf 89' lang='lat' dir='ltr'><strong>de</strong></span> <span class='ocrx_word' id='word_1_232' title='bbox 234 3892 359 3958; x_wconf 82' lang='lat' dir='ltr'><strong>l&#39;Europe</strong></span> <span class='ocrx_word' id='word_1_233' title='bbox 376 3899 395 3942; x_wconf 86' lang='lat' dir='ltr'><strong>t.</strong></span> <span class='ocrx_word' id='word_1_234' title='bbox 408 3893 443 3941; x_wconf 93' lang='lat' dir='ltr'><strong>II.</strong></span> <span class='ocrx_word' id='word_1_235' title='bbox 474 3892 540 3941; x_wconf 89' lang='lat' dir='ltr'><strong>Hef</strong></span> <span class='ocrx_word' id='word_1_236' title='bbox 540 3891 609 3952; x_wconf 87' lang='lat' dir='ltr'><strong>fter,</strong></span> <span class='ocrx_word' id='word_1_237' title='bbox 622 3890 669 3941; x_wconf 86' lang='lat' dir='ltr'><strong>das</strong></span> <span class='ocrx_word' id='word_1_238' title='bbox 682 3889 856 3956; x_wconf 84' lang='lat' dir='ltr'><strong>europitische</strong></span> <span class='ocrx_word' id='word_1_239' title='bbox 868 3887 1049 3938; x_wconf 76' lang='lat' dir='ltr'><strong>volkeneeut.</strong></span> <span class='ocrx_word' id='word_1_240' title='bbox 1069 3887 1108 3937; x_wconf 89' lang='lat' dir='ltr'><strong>ed.</strong></span> <span class='ocrx_word' id='word_1_241' title='bbox 1123 3891 1146 3938; x_wconf 80' lang='lat'><strong>2.</strong></span> <span class='ocrx_word' id='word_1_242' title='bbox 1164 3889 1225 3938; x_wconf 91' lang='lat' dir='ltr'><strong>Ber-</strong></span> 
     </span>
     <span class='ocr_line' id='line_1_32' title="bbox 189 3974 1225 4044; baseline -0.004 -16"><span class='ocrx_word' id='word_1_243' title='bbox 189 3979 229 4028; x_wconf 92' lang='lat' dir='ltr'><strong>lin</strong></span> <span class='ocrx_word' id='word_1_244' title='bbox 244 3981 318 4029; x_wconf 84' lang='grc'><strong>1846.</strong></span> <span class='ocrx_word' id='word_1_245' title='bbox 337 3995 399 4044; x_wconf 77' lang='lat' dir='ltr'><strong>pag.</strong></span> <span class='ocrx_word' id='word_1_246' title='bbox 415 3981 464 4029; x_wconf 81' lang='lat'><strong>184</strong></span> <span class='ocrx_word' id='word_1_247' title='bbox 476 3993 531 4042; x_wconf 86' lang='lat' dir='ltr'><strong>seq.</strong></span> <span class='ocrx_word' id='word_1_248' title='bbox 551 3983 577 4027; x_wconf 87' lang='lat' dir='ltr'><strong>et</strong></span> <span class='ocrx_word' id='word_1_249' title='bbox 588 3977 757 4039; x_wconf 85' lang='lat' dir='ltr'><strong>Wheeton,</strong></span> <span class='ocrx_word' id='word_1_250' title='bbox 775 3975 909 4026; x_wconf 86' lang='lat' dir='ltr'><strong>Elements</strong></span> <span class='ocrx_word' id='word_1_251' title='bbox 927 3975 957 4025; x_wconf 89' lang='lat' dir='ltr'><strong>of</strong></span> <span class='ocrx_word' id='word_1_252' title='bbox 966 3974 1153 4025; x_wconf 83' lang='lat' dir='ltr'><strong>internetional</strong></span> <span class='ocrx_word' id='word_1_253' title='bbox 1165 3975 1225 4024; x_wconf 80' lang='lat' dir='ltr'><strong>law.</strong></span> 
     </span>
    </p>
   </div>
   <div class='ocr_carea' id='block_1_4' title="bbox 189 4066 1227 4217">
    <p class='ocr_par' dir='ltr' id='par_1_7' title="bbox 189 4066 1227 4217">
     <span class='ocr_line' id='line_1_33' title="bbox 189 4066 774 4116; baseline 0.005 -2"><span class='ocrx_word' id='word_1_254' title='bbox 189 4066 273 4116; x_wconf 88' lang='lat' dir='ltr'><strong>Lond.</strong></span> <span class='ocrx_word' id='word_1_255' title='bbox 290 4068 366 4115; x_wconf 84' lang='lat'>1830.</span> <span class='ocrx_word' id='word_1_256' title='bbox 771 4092 774 4096; x_wconf 94' lang='lat'>·</span> 
     </span>
     <span class='ocr_line' id='line_1_34' title="bbox 246 4145 1227 4217; baseline -0.003 -17"><span class='ocrx_word' id='word_1_257' title='bbox 246 4152 271 4217; x_wconf 81' lang='lat'><strong>1)</strong></span> <span class='ocrx_word' id='word_1_258' title='bbox 290 4153 397 4214; x_wconf 82' lang='lat' dir='ltr'><strong>Cicero,</strong></span> <span class='ocrx_word' id='word_1_259' title='bbox 411 4151 443 4201; x_wconf 88' lang='lat' dir='ltr'><strong>de</strong></span> <span class='ocrx_word' id='word_1_260' title='bbox 456 4150 549 4201; x_wconf 86' lang='lat' dir='ltr'><strong>officiis</strong></span> <span class='ocrx_word' id='word_1_261' title='bbox 565 4149 613 4200; x_wconf 89' lang='lat' dir='ltr'><strong>lib.</strong></span> <span class='ocrx_word' id='word_1_262' title='bbox 626 4150 647 4198; x_wconf 87' lang='lat' dir='ltr'><strong>t.</strong></span> <span class='ocrx_word' id='word_1_263' title='bbox 666 4164 724 4215; x_wconf 86' lang='lat' dir='ltr'><strong>cup.</strong></span> <span class='ocrx_word' id='word_1_264' title='bbox 740 4150 851 4198; x_wconf 81' lang='lat'>11-13.</span> <span class='ocrx_word' id='word_1_265' title='bbox 870 4147 935 4197; x_wconf 90' lang='lat' dir='ltr'><strong>Inde</strong></span> <span class='ocrx_word' id='word_1_266' title='bbox 944 4147 989 4212; x_wconf 87' lang='lat' dir='ltr'><strong>jus</strong></span> <span class='ocrx_word' id='word_1_267' title='bbox 1001 4145 1095 4196; x_wconf 82' lang='lat' dir='ltr'><strong>feciale</strong></span> <span class='ocrx_word' id='word_1_268' title='bbox 1107 4151 1227 4197; x_wconf 83' lang='lat' dir='ltr'><strong>veterum</strong></span> 
     </span>
    </p>
   </div>
   <div class='ocr_carea' id='block_1_5' title="bbox 189 4235 643 4305">
    <p class='ocr_par' dir='ltr' id='par_1_8' title="bbox 189 4235 643 4305">
     <span class='ocr_line' id='line_1_35' title="bbox 189 4235 643 4305; baseline -0.009 -15"><span class='ocrx_word' id='word_1_269' title='bbox 189 4239 359 4305; x_wconf 82' lang='lat' dir='ltr'><strong>populorum.</strong></span> <span class='ocrx_word' id='word_1_270' title='bbox 376 4237 478 4300; x_wconf 84' lang='lat' dir='ltr'><strong>Vattel,</strong></span> <span class='ocrx_word' id='word_1_271' title='bbox 490 4237 558 4288; x_wconf 85' lang='lat' dir='ltr'><strong>livre</strong></span> <span class='ocrx_word' id='word_1_272' title='bbox 569 4235 643 4286; x_wconf 88' lang='lat' dir='ltr'><strong>VIIL</strong></span> 
     </span>
    </p>
   </div>
   <div class='ocr_carea' id='block_1_6' title="bbox 0 0 1560 5292">
    <p class='ocr_par' dir='ltr' id='par_1_9' title="bbox 0 0 1560 5292">
     <span class='ocr_line' id='line_1_36' title="bbox 0 0 1560 5292; baseline 0 0"><span class='ocrx_word' id='word_1_273' title='bbox 0 0 1560 5292; x_wconf 95' lang='lat' dir='ltr'><strong> </strong></span> 
     </span>
    </p>
   </div>
  </div>
 </body>
</html>
