3109 5292
864 554 905 624 ta

370 745 401 802 ct
421 739 637 820 quaestionem,
660 739 692 802 in
712 746 853 820 quantum
872 738 983 802 bellum
999 739 1116 821 justum
1135 755 1206 802 esse
1227 738 1334 821 possit,
1355 755 1398 801 ex

369 845 541 927 praeceptis
562 845 628 928 ejus
644 828 738 926 juris,
761 844 843 926 quod
860 845 940 908 inter
959 845 1091 926 populos
1104 845 1210 927 plures
1226 854 1277 909 aut
1291 862 1397 928 popu·

370 949 469 1014 lorum
484 957 622 1014 rectores
637 948 813 1028 intercedit,
832 950 874 1013 ita
894 951 1074 1033 persolvere
1089 950 1241 1032 studebat,
1263 960 1296 1015 at
1310 969 1398 1016 sum·

370 1073 450 1118 mum
465 1056 600 1120 umversi
611 1055 689 1138 juris
705 1055 884 1138 principium
899 1065 1103 1140 proponeret,
1124 1077 1225 1141 eoque
1246 1059 1398 1142 exposito,

366 1161 437 1243 quid
453 1163 558 1226 natura
571 1163 684 1244 justum
700 1163 747 1241 sit,
772 1162 908 1226 doceret.

403 1276 404 1281 ’
432 1267 544 1332 Habuit
561 1275 660 1332 autem
686 1269 861 1333 „societatis
891 1269 1055 1334 custodiam
1078 1269 1206 1335 bumauo
1230 1269 1397 1333 intellectui

366 1373 596 1438 convenientem
611 1391 668 1456 pro
685 1373 767 1436 fonte
784 1375 851 1456 ejus
863 1375 953 1457 juris,
976 1376 1056 1458 quod
1072 1377 1194 1458 proprie
1210 1374 1261 1438 tali
1275 1376 1396 1438 nominc

366 1478 546 1561 appellatur,
562 1497 623 1560 quo
638 1481 804 1563 pertinent:
820 1480 910 1547 alieni
925 1481 1112 1561 abstinentia,
1133 1482 1204 1544 etsi
1220 1480 1292 1563 quid
1306 1481 1398 1543 alieni

365 1584 529 1648 habeamus
544 1593 596 1648 aut
611 1587 688 1649 lucri
705 1584 776 1649 inde
793 1586 972 1666 fecerimus,
995 1587 1156 1665 restitutio,
1179 1587 1397 1669 promissorum

364 1688 586 1772 implendorum
602 1691 756 1776 obligatio,
774 1691 873 1755 damni
885 1693 973 1776 culpa
989 1693 1049 1757 dati
1063 1693 1217 1775 reparatio
1233 1700 1264 1754 et
1279 1709 1397 1772 poenae

364 1797 443 1860 inter
455 1797 595 1860 ‘homines
610 1800 747 1862 meritum
766 1798 825 1874 1)(ι
864 1799 912 1863 Ex
926 1801 985 1864 boc
1000 1799 1154 1863 societatis
1174 1798 1323 1880 appetitu,
1345 1797 1398 1878 qui

364 1902 475 1965 bomini
496 1903 580 1966 velut
596 1905 739 1968 naturalis
760 1905 813 1968 lex
832 1907 950 1969 innatus
970 1905 1023 1982 sit,
1047 1902 1171 1967 Grotius
1188 1905 1239 1986 jus
1259 1901 1398 1966 naturale

364 2009 500 2071 strictum
515 2028 553 2071 ac
568 2011 682 2073 sociale
699 2012 772 2074 oriri
795 2009 899 2089 docet,
922 2010 1004 2093 quod
1023 2018 1124 2075 tantae
1146 2010 1332 2074 auctoritatis
1348 2011 1398 2088 sit,

364 2122 407 2194 ut,
430 2113 575 2196 quidquid
592 2117 620 2178 ei
636 2125 798 2200 repugnet,
821 2117 937 2179 irritum
953 2116 1058 2191 haberi
1073 2115 1184 2179 debeat
1200 2114 1241 2194 ⁹),
1278 2115 1327 2178 lix
1341 2115 1398 2178 bac

364 2228 463 2284 autem
482 2223 561 2304 juris
582 2221 801 2305 significatione
826 2223 914 2286 aliam
934 2221 1060 2285 duxisse
1081 2222 1153 2285 dicit
1177 2221 1328 2299 latiorem,
1356 2238 1398 2282 cx

365 2345 440 2408 qua,
464 2325 605 2409 quidquid
626 2329 733 2391 rationi
749 2329 912 2407 humanae,
936 2329 955 2390 i.
971 2347 998 2390 e.
1016 2326 1131 2410 Judiclo
1153 2326 1191 2389 ad
1214 2325 1397 2390 aestimanda

367 2447 418 2508 ea,
441 2448 520 2511 quae
543 2430 695 2496 delectant
716 2440 767 2496 aut
781 2441 908 2511 nocent,
931 2441 1016 2502 racto
1033 2430 1218 2496 conformato
1234 2438 1396 2515 repugnet,

367 2536 455 2598 etiam
470 2543 574 2600 contra
585 2539 636 2621 jus
652 2539 789 2602 naturale
805 2557 875 2602 esse
891 2540 1084 2623 intelligatur.
1122 2536 1195 2601 lnde
1211 2537 1333 2601 Grotius
1345 2539 1396 2620 jus

275 2697 276 2700 ,
365 2641 502 2704 naturde
523 2661 540 2705 a
560 2651 645 2706 recta
666 2645 785 2708 ratione
807 2644 950 2709 dictatum
967 2662 1038 2708 osse
1060 2645 1118 2724 ait,
1140 2643 1292 2722 indicans,
1316 2641 1397 2704 actui

366 2745 456 2810 alicui
477 2764 534 2829 pro
555 2749 622 2831 ejus
643 2767 710 2815 cum
730 2750 796 2832 ipsa
811 2757 916 2814 natura
931 2750 1043 2812 sociati
1058 2767 1094 2812 ac
1108 2749 1262 2810 rationali
1278 2765 1396 2811 convc-

365 2853 477 2916 uicutia
493 2861 545 2918 aut
561 2853 818 2920 disconvenientia
833 2857 935 2923 inesse
950 2856 1094 2919 moralem
1116 2855 1331 2939 turpitudinem
1343 2861 1399 2918 aut

367 2959 581 3021 necessitatem
597 2960 753 3040 moralem,
768 2960 850 3025 unde
867 2972 1079 3045 consequatur,
1095 2970 1128 3026 ut
1142 2961 1179 3026 ab
1196 2969 1322 3024 auctore
1337 2979 1397 3023 na-

366 3070 454 3128 turae
468 3063 533 3126 Deo
549 3063 616 3126 talis
632 3071 717 3128 actus
733 3073 784 3128 aut
798 3074 918 3130 vetetur
934 3077 984 3131 aut
997 3067 1203 3151 praecipiatur
1218 3065 1257 3142 8).

432 3168 481 3231 Ab
496 3169 554 3232 boc
566 3170 638 3252 jure
653 3173 782 3235 naturali
797 3179 856 3236 tam
872 3175 1024 3238 strictiore
1039 3192 1127 3256 quam
1142 3173 1259 3235 laxiore
1275 3169 1397 3235 Grotius
1511 3257 1513 3260 Ι

368 3273 478 3338 deinde
496 3277 548 3358 jus
572 3275 771 3340 voluntarium
789 3285 820 3341 ot
843 3276 976 3342 divinum
1000 3286 1032 3341 et
1051 3277 1210 3343 humanum
1230 3277 1396 3362 distinguit,
1409 3355 1424 3377 Ι
1544 3276 1545 3285 ’

368 3379 513 3462 idemque
528 3387 579 3444 aut
601 3382 691 3446 ciuile
709 3390 760 3447 aut
781 3384 929 3467 gentium,
957 3402 1018 3466 quo
1038 3384 1183 3448 naturalia
1198 3384 1279 3466 juris
1300 3400 1396 3465 prae-

368 3495 457 3568 cepta
473 3494 523 3550 aut
538 3486 692 3550 firmantur
708 3496 759 3551 aut
775 3488 948 3572 diligentius
964 3490 1158 3554 deliniuntur:
1181 3489 1224 3552 ita
1237 3496 1346 3569 brnen,
1361 3496 1397 3552 ut

367 3611 444 3676 quae
460 3593 588 3674 primurn
604 3592 770 3658 voluntaria
785 3595 913 3676 luerint,
933 3597 1066 3661 moribus
1082 3603 1133 3660 aut
1146 3595 1267 3679 legibus
1281 3595 1397 3659 sancita

367 3699 542 3764 necessaria
558 3715 629 3761 esse
643 3699 795 3781 incipiant

423 3878 448 3945 l)
466 3879 613 3946 Prolcgcm.
626 3883 665 3944 ἐξ.
678 3883 702 3932 8.
715 3885 757 3932 44.
769 3880 828 3932 Lib.
841 3882 862 3932 l.
876 3897 900 3932 o.
912 3881 946 3932 II.
960 3885 984 3944 5.
999 3886 1011 3932 1
1025 3897 1081 3933 nro.
1095 3882 1120 3932 5.

422 3967 449 4034 2)
467 3967 526 4019 Lib.
539 3969 573 4018 11.
587 3985 609 4020 c.
623 3970 647 4020 5.
661 3972 683 4031 ἓ.
697 3971 721 4018 3.
737 3972 776 4019 10.
795 3984 818 4021 c.
831 3969 856 4018 5.
869 3972 892 4031 5.
906 3971 930 4020 9.
955 3971 1024 4020 Vera
1034 3970 1097 4035 jura
1112 3966 1257 4020 secundum
1274 3967 1395 4022 crottum

368 4069 414 4106 cac
426 4059 529 4106 tentum
542 4057 766 4120 sublimitates,
787 4071 854 4122 quae
866 4056 1016 4108 hominibus
1027 4062 1123 4110 natura
1134 4056 1242 4108 sociatis
1254 4061 1281 4108 et
1292 4057 1395 4109 ratione

368 4143 494 4210 praeditis
507 4146 675 4196 conveniunt.
687 4145 746 4198 Lib.
759 4146 780 4196 Ι.
793 4159 817 4195 c.
832 4151 855 4195 1.
867 4146 891 4207 5.
904 4147 928 4195 3.
942 4148 967 4194 t.
979 4145 1004 4194 b.

422 4231 449 4298 3)
467 4231 525 4284 Lib.
538 4233 560 4298 1,
575 4236 614 4296 10,
629 4237 651 4284 1.
