3109 5292
657 504 718 575 idi

168 689 343 760 nescientia
358 688 440 760 inter
453 690 617 772 conjuges,
640 685 792 750 exstinmo
813 684 892 750 enim
908 686 1004 768 primo
1020 685 1131 751 amoris
1146 685 1206 752 in·

61 794 66 805 '
167 801 242 877 potu
257 793 371 857 durare
386 793 475 856 solet
503 792 596 855 lmmo
611 792 711 854 alatur
729 791 835 854 liberis
855 791 949 869 natis,
972 798 1004 861 et
1022 792 1109 855 novis
1129 807 1208 854 con·
1335 841 1349 860 t

170 897 364 979 captionibus
379 903 546 960 renovatur
559 904 649 976 atque
664 894 814 970 firmatum
831 894 998 958 liberorum
1011 894 1143 978 deniqne
1157 897 1209 958 iu·

171 1002 503 1081 firmitasetparcntum
513 1001 543 1062 in
553 1016 608 1062 eos
624 1000 785 1097 arnor,qui'
798 997 876 1080 apud
892 999 1005 1062 nullum
1021 1001 1211 1066 animantium

171 1123 271 1190 genus
285 1111 385 1169 tantus
401 1110 506 1166 ettam
522 1103 635 1166 durans
650 1111 707 1180 est,
723 1121 813 1184 quam
830 1103 860 1166 in
876 1102 1058 1183 hominihus,
1081 1103 1210 1166 demon-

171 1217 282 1290 strant,
298 1207 491 1290 conjugalem
508 1208 749 1288 coniunctionem
764 1208 796 1268 in
812 1216 1004 1290 perpetuum,
1020 1208 1039 1270 i.
1054 1227 1081 1272 e.
1097 1225 1158 1272 non
1173 1207 1212 1282 ad

172 1321 292 1378 eertum
313 1320 434 1392 tempus
449 1311 518 1373 iniri
538 1310 651 1373 solere.
680 1309 729 1374 Nil
749 1319 849 1374 umen
869 1311 1009 1393 impedit,
1031 1330 1092 1393 quo
1112 1314 1212 1376 minus

173 1435 286 1480 causae
301 1413 491 1479 dissolvendi
506 1414 686 1477 matrimonii
700 1413 906 1479 admittantur:
922 1415 951 1478 id
963 1416 1043 1497 quod
1060 1424 1119 1479 lam
1133 1415 1212 1497 apud

174 1529 300 1594 veteres
323 1537 413 1600 qnam
434 1517 515 1600 apud
538 1518 729 1582 recentiores
750 1519 877 1600 populos
893 1519 960 1582 lieri
976 1520 1122 1586 videmus.
1154 1521 1214 1588 lli·

168 1623 311 1702 tortium
326 1612 427 1688 autem
440 1623 571 1684 maxime
587 1629 649 1684 turn
664 1622 854 1686 statuendum
863 1630 921 1700 est,
937 1641 1006 1687 cum
1023 1625 1120 1687 omnis
1135 1625 1215 1686 inter

176 1731 326 1813 conjuges
336 1725 698 1794 communionullomodo
711 1726 823 1790 durare
835 1734 945 1808 potest.
967 1727 1099 1792 Historia
1116 1735 1215 1792 tamon

175 1843 210 1898 et
223 1833 416 1916 experientia
431 1831 588 1909 doeemur,
598 1832 744 1912 sapientis
753 1849 825 1894 esse
840 1831 1040 1914 legislatoris,
1057 1832 1216 1895 matrimo-

175 1939 295 2003 niorum
315 1936 495 2000 solutionem
515 1953 604 2016 quam
623 1936 781 1998 rarissime
802 1943 834 1998 et
848 1935 968 1998 nonnisi
990 1953 1008 1998 e
1029 1934 1217 2019 gravissimis

176 2042 279 2106 oausis
294 2040 479 2104 concedere.

246 2145 319 2211 122.
343 2145 442 2221 Quum
459 2142 637 2209 natrimonii
653 2143 807 2206 vinculum
829 2144 928 2226 (apud
952 2145 1082 2227 populos
1104 2143 1218 2208 cultio-

178 2254 250 2327 res)
265 2257 368 2314 mutua
383 2251 495 2313 nitatur
503 2250 668 2331 conjugum
681 2247 908 2326 benevolenlia,
916 2249 1109 2333 obligationis
1119 2263 1219 2312 nexos

170 2355 259 2420 inter
275 2356 374 2417 virum
389 2361 422 2416 et
436 2370 566 2417 uxorem
582 2371 621 2415 eo
634 2368 695 2414 non
711 2354 917 2416 constituitur:
940 2353 995 2416 scd
1021 2351 1146 2415 moralia
1168 2351 1218 2415 in·

177 2459 341 2524 terccdunl
355 2459 434 2520 inter
449 2457 518 2522 illos
533 2456 641 2534 ollioia,
656 2456 788 2532 ratione,
809 2474 915 2528 amore
931 2466 963 2521 et
978 2473 1061 2520 more
1084 2454 1218 2536 probatu.

178 2563 272 2646 Apud
288 2570 496 2646 peotes,quae
509 2558 962 2642 polygamiautuntur,lerninae
979 2559 1045 2624 lere
1060 2576 1220 2624 servarum

179 2669 251 2732 loco
266 2675 352 2730 sunt:
374 2668 405 2728 in
424 2665 614 2748 monogamia
634 2663 801 2744 aequalitas
822 2663 965 2745 quaedam
981 2666 1145 2748 conjugum
1160 2663 1220 2726 ob·

180 2779 334 2841 servatur.
356 2769 412 2833 Jus
426 2771 456 2832 in
471 2785 595 2851 eorpus,
607 2767 686 2848 quod
703 2769 809 2831 vocari
826 2769 915 2846 solet,
931 2769 1104 2851 politiorum
1118 2784 1221 2848 popu-

181 2878 282 2947 lorum
298 2876 419 2958 legibus
439 2873 554 2936 nullom
575 2873 768 2954 praecipitur.
798 2872 888 2936 Fides
912 2872 1069 2938 tamenab
1090 2879 1222 2950 utroquo

183 2983 333 3064 conjuge,
355 2980 570 3061 pracsertima
593 2974 704 3038 femina
723 2975 876 3038 servanda
901 2985 964 3054 cst,
987 2985 1019 3040 ct
1042 2975 1223 3040 adulterium

183 3104 242 3169 pro
262 3084 389 3148 crimine
409 3080 593 3162 praesertim
609 3098 627 3142 a
642 3088 728 3160 parte
747 3081 884 3144 mulieris
904 3081 1006 3162 puniri
1025 3079 1110 3142 solet.
1141 3077 1223 3140 Nas-

183 3197 296 3254 cuntur
306 3196 405 3252 lamen
415 3184 589 3268 singulares
604 3183 751 3264 quaedam
766 3184 966 3267 obligationes
981 3201 1023 3248 ex
1032 3181 1224 3244 matrimonio

184 3300 340 3357 contremo
355 3291 449 3355 veluti
465 3289 503 3352 ad
519 3289 660 3352 alirneuta
676 3288 766 3353 alteri
786 3288 908 3370 conjugi
930 3286 1114 3369 praestanda
1134 3294 1167 3348 et
1188 3284 1224 3346 ad

60 3485 69 3491 ,
185 3399 301 3485 lideros
317 3393 538 3478 agnoscendos.
561 3391 638 3456 Cum
653 3400 754 3456 autem
770 3393 850 3454 inter
866 3390 943 3454 duos
959 3391 1072 3454 durare
1094 3389 1225 3452 societas

185 3519 245 3566 uon
260 3503 376 3583 possit,
396 3501 455 3562 nisi
470 3500 501 3560 in
515 3497 610 3567 robus
625 3496 724 3560 dubiis
744 3495 871 3558 alterius
891 3496 1030 3560 voluntas
1051 3494 1152 3576 potior
1172 3492 1226 3566 sit;

184 3608 273 3672 alteri
288 3605 413 3688 conjugi
428 3605 525 3686 major
539 3609 676 3684 potestas
692 3601 884 3676 conceditur,
896 3617 993 3680 eaque
1005 3599 1101 3680 vulgo
1117 3596 1226 3658 marito

185 3712 343 3788 tribuitur,
364 3717 506 3789 tanquam
526 3704 669 3771 validiori
691 3712 723 3767 et
745 3705 839 3767 rebus
863 3702 1009 3786 gerendis
1033 3699 1227 3779 tuendaeque

185 3815 316 3880 familiae
342 3813 438 3894 magis
459 3810 580 3874 idoneo.
614 3810 741 3884 Quinam
757 3815 857 3872 autem
874 3806 963 3890 hujus
981 3805 1143 3887 potcstatis
1169 3805 1229 3867 sint

185 3918 279 3995 ines,
298 3935 360 3980 non
375 3934 417 3980 ex
436 3913 651 3997 philosophicis
671 3912 794 3994 scriptis
815 3911 870 3976 sed
890 3911 1024 3974 moribus
1044 3907 1227 3992 populorum

170 4021 307 4104 definiri
322 4020 409 4083 solet

256 4123 330 4187 123.
352 4122 535 4187 llatrimonii
554 4121 722 4205 gravitate,
745 4126 778 4182 et
797 4136 909 4204 magna
931 4117 960 4182 in
981 4117 1042 4182 vita
1060 4115 1145 4182 civili
1162 4114 1230 4179 edi·
