3109 5292
851 539 899 604 tt

356 719 421 800 que
442 717 650 800 quaeadmem
672 719 711 783 ad
734 717 879 800 liquidum
900 717 1129 801 metaphysicae
1153 716 1300 782 scientiae
1324 732 1395 781 me-

357 822 428 886 dum
447 821 619 904 perducere
649 825 707 888 sibi
728 830 963 906 preposuerunt
984 821 1274 887 lnstituemntenim
1285 820 1395 900 sumni

352 928 431 1010 juris
446 927 586 1010 principii
601 928 810 1007 quaestionem
826 928 967 1006 cnriori,
982 935 1016 991 nt
1031 927 1091 991 diei
1105 927 1196 1005 snlet,
1212 943 1313 1008 ecque
1327 941 1394 988 scm

355 1027 582 1112 perduxerunt,
604 1039 639 1094 ut
661 1049 712 1094 res
736 1024 889 1094 contraria
911 1049 952 1094 ne
972 1031 1102 1114 cogitari
1124 1031 1247 1113 quidem
1277 1036 1392 1113 posset.

355 1133 409 1197 Jus
430 1135 570 1198 naturale
591 1134 622 1197 in
646 1144 774 1218 angusta
797 1135 849 1198 illa
870 1134 1091 1217 significatione
1114 1133 1185 1196 inde
1200 1154 1218 1196 a
1233 1133 1394 1198 l'lremasie

354 1245 483 1320 recepta
499 1247 702 1320 acceperunt,
725 1246 757 1301 ut
773 1257 809 1301 ca
824 1257 884 1302 non
906 1237 1203 1318 comprehenderent
1222 1238 1282 1300 nisi
1295 1255 1393 1319 prae·
1505 1314 1511 1336 ·

355 1349 444 1422 cepta
460 1341 499 1404 de
515 1341 624 1406 officiis
640 1342 794 1424 corporali
813 1344 973 1405 coactione
994 1341 1115 1406 tuendis
1121 1363 1131 1418 ;
1154 1344 1271 1406 initium
1290 1350 1394 1406 autem

354 1453 385 1508 et
408 1445 631 1510 tundamentum
658 1463 763 1510 eurum
792 1449 974 1508 libertatem
1001 1447 1082 1509 illam
1112 1445 1276 1525 dixerunt,
1303 1465 1394 1528 quam

353 1549 515 1614 llousseau
542 1567 690 1614 summum
719 1551 858 1614 omnibns
886 1551 1059 1614 hominibus
1082 1552 1216 1614 innatum
1235 1554 1289 1633 jus
1320 1567 1393 1614 esse

352 1654 560 1730 contenderat
598 1654 662 1718 llac
691 1657 843 1718 l'lromasii
864 1664 896 1718 et
918 1656 1080 1719 Roussovii
1108 1656 1291 1737 placitorum
1313 1673 1393 1718 een·

237 1756 238 1760 ’
347 1760 505 1844 junctione
528 1767 635 1822 exorta
662 1768 710 1822 est
734 1760 833 1824 Kantii
864 1761 1072 1842 metaphysica
1090 1761 1170 1843 juris
1193 1759 1351 1838 doenum,
1373 1778 1392 1824 a

351 1863 464 1927 Fichtie
485 1865 659 1928 accuratius
679 1864 799 1928 delinita
813 1872 847 1928 et
862 1886 880 1929 a
895 1864 1026 1948 llegelie
1042 1866 1074 1928 iu
1089 1864 1278 1946 disciplinam
1293 1865 1391 1940 jamia,

350 1967 431 2050 quod
446 1976 566 2047 vocant,
582 1972 739 2032 abstracti
756 1987 913 2034 conversa.
1385 2021 1388 2025 .

416 2071 467 2137 26.
490 2073 615 2137 Kantius
635 2076 715 2157 juris
738 2075 883 2138 naturalis
908 2074 993 2136 velut
1019 2072 1193 2156 primigenii
1220 2073 1306 2137 initia
1328 2091 1391 2138 nnn

349 2178 538 2260 experientia
546 2177 622 2240 duce
638 2179 848 2262 investiganda
859 2179 899 2258 ¹),
915 2177 970 2242 sed
990 2196 1031 2241 ex
1044 2179 1111 2242 sela
1127 2177 1256 2244 leminis
1271 2180 1391 2244 ratione

350 2281 561 2364 cognoscenda
578 2299 649 2345 esse
665 2281 767 2345 docet.
807 2283 1066 2357 Quemadmodum
1085 2282 1275 2366 intelligendi
1298 2284 1391 2368 cegi-

347 2386 490 2467 taudique
507 2403 642 2449 summae
658 2387 718 2451 sint
733 2387 873 2470 regulae,
896 2387 936 2450 ita
957 2395 989 2449 et
1006 2389 1201 2448 entantctenn
1224 2386 1391 2469 tegrinse

347 2492 466 2555 ratione
481 2508 542 2553 non
558 2491 654 2554 solum
670 2494 839 2574 perceptis,
860 2492 917 2555 scd
937 2493 1040 2572 potius
1058 2492 1095 2554 ab
1115 2492 1187 2573 ipsa·
1195 2493 1315 2556 statutis
1331 2511 1389 2554 ea-

347 2596 412 2678 qae'
430 2596 517 2677 qnasi
541 2597 676 2659 connatis
699 2597 800 2659 teneri
819 2603 910 2676 atque
932 2595 1097 2678 gubernari
1121 2596 1290 2676 existimat,
1314 2615 1390 2678 ques

290 2688 291 2692 ¹
348 2700 438 2764 sicuti
453 2699 540 2784 leges
556 2700 688 2763 morales
705 2717 811 2764 omnes
831 2700 967 2763 homines
983 2716 1154 2783 agnoscere
1170 2708 1202 2762 et
1217 2700 1390 2765 observare

347 2811 495 2887 operteat.
532 2804 666 2866 nationi
693 2821 770 2887 ergo
795 2804 856 2865 vim
878 2802 1028 2884 quandam
1053 2801 1276 2885 legislativum,
1308 2822 1389 2885 qnae

348 2923 480 2972 summas
496 2914 527 2969 et
542 2907 705 2988 generales
721 2906 833 2990 agendi
848 2924 970 2970 normas
985 2907 1163 2989 praecipiat,
1183 2907 1288 2969 inesse
1303 2907 1389 2971 llan-

349 3011 409 3072 tius
425 3009 503 3073 dicit
540 3009 660 3091 Legum
677 3019 776 3072 autem
797 3011 857 3074 duo
877 3030 995 3094 genera
1011 3030 1082 3074 esse
1097 3012 1151 3074 ait:
1177 3028 1268 3074 unum
1286 3030 1389 3094 genua

349 3115 507 3195 pertinere
527 3113 566 3175 ad
589 3115 753 3193 uirtutem,
776 3117 796 3176 i.
816 3135 843 3177 e.
871 3115 910 3179 ad
933 3117 1064 3178 animum
1085 3123 1173 3178 recte
1196 3115 1388 3194 sentientem,

346 3219 413 3280 sive
424 3216 461 3280 ad
471 3225 634 3298 praecepta
651 3217 690 3280 de
707 3220 853 3297 moribus,
869 3238 948 3300 quae
964 3219 1098 3282 internas
1114 3219 1270 3282 hominum
1286 3221 1388 3284 actio·

345 3338 401 3383 nes
417 3327 569 3402 totamque
586 3322 730 3384 moralem
751 3323 875 3387 vivendi
899 3325 1044 3386 rationem
1067 3326 1108 3386 ita
1131 3331 1320 3404 temperent,
1343 3333 1387 3402 ut,
1510 3356 1512 3361 .

345 3426 397 3506 qui
413 3425 533 3500 sincere
550 3444 587 3488 ea
598 3426 687 3505 colat,
698 3426 796 3490 bonus
813 3435 902 3508 atque
918 3427 1033 3508 probus
1050 3425 1110 3488 dici
1125 3428 1238 3508 pessit3
1254 3428 1386 3490 alterum

339 3547 445 3612 genus
461 3529 591 3610 positum
607 3547 677 3593 esse
692 3531 723 3594 in
740 3531 826 3602 jarria
848 3531 1148 3624 praeceptis,'·quae
1173 3531 1213 3592 ad
1237 3540 1386 3594 externas

344 3633 497 3697 lmminum
516 3635 597 3696 iuter
617 3650 652 3696 se
673 3635 904 3717 conjunctiones
920 3634 1100 3715 pertineant.
1139 3634 1308 3716 Utrumque
1323 3653 1386 3719 ge-

344 3755 402 3800 nus
417 3737 532 3801 liberae
547 3737 565 3799 i.
582 3755 608 3799 e.
625 3738 719 3818 ipsam
735 3755 806 3800 sese
822 3738 1030 3801 determinanti
1045 3745 1136 3818 atque
1152 3737 1313 3802 honestum
1329 3743 1385 3803 sua'

346 3847 452 3928 sponte
468 3841 622 3925 appetenti
636 3841 764 3906 heminis
785 3843 933 3905 voluntati
948 3861 966 3905 a
981 3843 1115 3922 ratione,
1135 3850 1170 3905 ut
1187 3843 1230 3906 ait
1250 3853 1385 3930 catego-

402 4071 426 4138 1)
444 4072 647 4142 Metaplrpsiaclre
664 4073 886 4142 Anfnnprprttadc
902 4076 950 4128 der
966 4076 1127 4132 &taetre
1147 4082 1223 4145 1791,
1244 4049 1385 4134 emendata

349 4160 423 4222 1797,
436 4159 464 4210 in
475 4160 588 4213 latinum
600 4177 746 4214 samonem
759 4177 838 4213 versa
848 4179 865 4213 a
876 4163 974 4216 Bcrnie
986 4167 1015 4216 in
1026 4183 1087 4234 epp.
1099 4167 1194 4220 Kantii
1206 4173 1226 4220 t.
1239 4168 1286 4220 IV.
