3109 5292
835 527 900 598 tite

346 727 435 774 neom
450 725 532 788 esse,
546 707 630 788 dicit,
643 716 677 773 nt
688 727 730 772 ex
744 707 885 776 omnibus
897 707 1019 774 omnmo
1028 707 1289 788 ‚conventionibus
1304 705 1400 777 obli·-

345 815 429 898 qotio
445 823 478 878 et
491 815 570 878 actio
585 822 750 878 nascantur
766 818 817 888 (ς.
833 809 908 875 335.
925 808 1023 886 336.).

415 915 487 981 107.
511 918 553 980 Λι
565 919 628 1000 jam
641 926 777 984 nostram
798 916 942 980 dehisce
963 913 1191 996 quaestionibus
1212 915 1396 1000 opinionem

345 1023 490 1088 dicamus.
529 1023 560 1086 Si
575 1024 644 1104 quis
664 1023 791 1088 alterins
808 1023 880 1104 jure
902 1037 1055 1084 consensu
1077 1023 1144 1104 ejus
1160 1022 1271 1100 utitur,
1290 1020 1395 1084 ueluti

346 1147 416 1192 cum
431 1128 574 1210 precario
589 1145 625 1190 re
641 1129 709 1210 ejus
724 1127 852 1204 fruatur,
868 1133 977 1189 neutro
991 1143 1033 1188 ex
1047 1133 1132 1206 porte
1149 1125 1289 1190 contrabi
1305 1125 1394 1190 obli-

345 1233 499 1316 gationem
514 1232 705 1296 manifestum
721 1240 781 1309 est,
798 1232 898 1294 neutri
914 1232 993 1294 enim
1008 1230 1138 1296 inierint
1153 1232 1274 1316 injttrin,
1294 1239 1393 1298 uter-

344 1355 406 1419 qne
416 1339 491 1421 jure
512 1355 569 1402 suo
587 1339 691 1402 utitur.
728 1337 897 1419 Unicuique
919 1336 1007 1412 licet,
1025 1337 1105 1418 juris
1126 1336 1173 1401 sui
1193 1333 1394 1404 usumolteri

346 1443 536 1523 concedere,
557 1442 647 1506 alteri
666 1441 743 1506 banc
763 1442 921 1506 utilitatem
945 1442 1103 1524 suscipere
1124 1443 1308 1524 permissum
1330 1447 1391 1504 est.

345 1547 481 1614 &odem
495 1565 574 1613 vero
588 1549 629 1622 ob
644 1549 794 1612 rationem
814 1557 946 1632 uterque
966 1547 1151 1614 uoluntatem
1173 1554 1290 1610 mutare
1311 1553 1390 1628 pot÷

347 1660 409 1731 est,
430 1661 461 1716 et
476 1653 553 1716 alter
569 1655 649 1736 juris
672 1653 892 1719 exercitionem
913 1653 1002 1716 alteri
1021 1669 1201 1715 concessam
1221 1667 1389 1730 revocare,

347 1758 498 1839 alteriori
513 1758 572 1821 sibi
593 1775 746 1822 concesso
765 1757 952 1821 renuntiare.
991 1756 1053 1822 Sed
1070 1755 1139 1840 quid
1160 1754 1336 1834 dicendum,
1360 1757 1389 1818 si

346 1870 478 1943 uterque
498 1860 677 1926 dissentiat?
706 1865 769 1926 te.
791 1863 818 1926 si
840 1863 919 1926 alter
942 1864 1080 1946 jussum,
1103 1859 1270 1924 reuocandi
1297 1860 1388 1930 elteri

346 1966 422 2030 illud
437 1968 602 2030 restituere
616 1975 760 2046 rccuset,
784 1967 834 2031 vel
851 1970 876 2030 si
897 1968 975 2030 alter
994 1966 1222 2030 renunciantem
1243 1974 1336 2051 cogat
1355 1967 1388 2030 in

346 2070 455 2137 eadem
470 2070 644 2136 conditione
663 2089 861 2152 permonere,
881 2081 935 2137 aut
948 2073 974 2136 si
990 2072 1056 2150 bic,
1066 2072 1163 2134 invito
1179 2070 1294 2148 altero,
1313 2072 1387 2153 jure

346 2177 405 2243 sibi
419 2193 572 2240 concesso
583 2175 672 2240 aliter
683 2184 793 2254 utatur,
811 2185 862 2239 out
878 2177 929 2254 ita,
946 2183 980 2240 ut
995 2175 1133 2241 damnum
1146 2176 1236 2238 altori
1252 2175 1387 2240 inierat?

345 2279 483 2343 Dubitari
501 2280 619 2360 nequit,
638 2280 671 2342 in
686 2279 813 2364 singulis
833 2282 881 2346 bis
901 2282 1022 2344 casibus
1038 2283 1117 2364 juria
1138 2281 1305 2348 laesionem
1325 2281 1387 2344 od-

345 2400 433 2461 orae,
453 2390 485 2446 ct
499 2382 600 2448 domm
615 2384 781 2466 reparandi
796 2383 1011 2469 obligationem
1027 2386 1121 2450 nosci.
1160 2385 1219 2458 Qui
1234 2386 1315 2450 enin
1329 2403 1387 2450 re-

345 2490 486 2571 poscenti
499 2488 621 2552 domino
636 2506 704 2555 rem
718 2489 776 2553 sibi
794 2492 984 2557 commissam
999 2509 1060 2556 non
1074 2489 1188 2569 reddit,
1203 2490 1387 2578 restituendi

345 2593 530 2677 obligatione
545 2601 680 2670 tenetur,
696 2611 758 2657 non
774 2596 886 2674 minus,
902 2614 991 2677 quom
1007 2597 1045 2674 is,
1060 2597 1112 2677 qui
1127 2596 1215 2658 alteri
1229 2614 1296 2660 rem
1311 2597 1387 2672 obs·

328 2701 330 2703 ’
346 2698 430 2777 tulit,
449 2699 501 2760 vel
515 2696 702 2782 negligentia
720 2715 778 2764 suo
794 2701 843 2762 vel
858 2700 949 2782 culpa
964 2701 1012 2764 rei
1027 2701 1086 2768 sibi
1100 2718 1269 2769 concessae
1285 2701 1386 2766 detri-

345 2811 481 2868 mentum
493 2803 603 2880 intulit,
617 2820 677 2868 nec
693 2821 755 2866 nnn
769 2812 802 2866 ut
817 2805 884 2884 ille,
903 2807 953 2886 qui
968 2807 1094 2870 inritum
1110 2807 1200 2871 olium
1216 2807 1248 2870 ui
1263 2807 1386 2886 relieeb

345 2916 400 2974 out
414 2909 479 2991 ojus
495 2925 647 2990 personae
662 2907 802 2990 injuriam
817 2909 926 2989 infert,
949 2912 1037 2993 cujus
1053 2910 1246 2993 reparandae
1260 2911 1386 2995 obliga.-

345 3013 429 3077 tione
445 3012 652 3093 obstringitur.
844 3093 848 3103 ⁸
1227 3059 1228 3064 ,

413 3115 539 3180 &ndat
553 3116 663 3198 igitur,
683 3117 873 3183 restituendi
888 3117 1104 3203 obligationem
1119 3119 1222 3198 nasei,
1241 3121 1268 3184 si
1283 3121 1334 3186 cui
1345 3121 1386 3186 ab

345 3221 443 3285 altero
458 3221 504 3284 rei
519 3237 595 3284 sune
610 3237 686 3284 usus
701 3222 844 3303 precario
861 3239 1028 3286 concessus
1041 3225 1088 3286 sit
1114 3223 1196 3286 ldenn
1210 3223 1386 3303 dicendum,

345 3327 373 3390 si
387 3325 425 3389 od
441 3326 521 3388 diem
535 3327 587 3388 vel
602 3326 660 3390 sub
675 3327 854 3391 resolvente
878 3327 1067 3406 conditione,
1089 3329 1238 3410 ejusmodi
1256 3327 1387 3400 incultos

343 3431 433 3494 alteri
451 3431 599 3511 praestito
618 3431 674 3509 sit,
694 3450 753 3494 neo
773 3432 823 3498 bic
843 3432 1001 3514 promissis
1020 3434 1148 3496 steterit.
1186 3431 1301 3497 Eodem
1316 3440 1386 3498 stn-

345 3535 460 3614 tueudo
478 3544 585 3614 erunt,
607 3536 717 3618 siquis
738 3537 828 3599 alteri
849 3537 880 3600 in
901 3553 958 3600 suo
978 3534 1090 3617 aliquid
1112 3536 1217 3600 lacere
1237 3539 1386 3620 permisit,

345 3649 399 3706 aut
417 3641 487 3722 ipse
510 3641 625 3722 aliquos
648 3657 763 3722 operas
786 3640 874 3704 elteri
898 3641 1057 3723 praestitit.
1103 3641 1254 3723 Tempore
1279 3643 1386 3725 elapso

345 3745 426 3809 enim
445 3745 497 3807 ille
518 3744 659 3807 cessandi
680 3745 866 3827 obligatione
887 3752 1024 3823 tenetur,
1046 3745 1095 3809 bio
1116 3763 1193 3809 vero
1213 3747 1328 3810 invitus
1349 3746 1387 3809 od

345 3848 516 3912 faciendum
538 3850 608 3931 engi
631 3867 692 3912 non
715 3856 824 3930 potest
862 3849 944 3910 Haeo
964 3849 1063 3912 omnio
1083 3868 1119 3912 re
1139 3850 1205 3931 ipso
1227 3857 1288 3912 tom
1307 3867 1387 3934 per-

345 3955 453 4034 spicua
468 3961 552 4034 sunt,
572 3954 702 4017 utnulla
717 3955 779 4037 jam
799 3955 935 4036 supersit
957 3953 1111 4018 dubitatio.
1149 3951 1287 4016 Eandem
1308 3971 1387 4019 vero

346 4059 387 4120 ob
402 4060 549 4123 rationem
571 4059 649 4121 idom
671 4058 862 4124 statuendum
879 4067 943 4140 est,
965 4061 1075 4141 siquis
1097 4060 1186 4124 alteri
1202 4060 1259 4122 sub
1277 4058 1387 4124 condi·

346 4160 429 4222 tione
441 4170 564 4226 mutuae
576 4164 787 4243 praestationis
797 4166 849 4247 jus
863 4164 986 4245 aliquod
999 4166 1201 4244 concesserit,
1213 4165 1265 4230 vel
1275 4181 1387 4248 operas
