3109 5292
328 704 537 770 mandassent
550 700 587 777 *ι
625 699 699 764 lnde
714 699 835 766 uocaui
850 699 889 779 ii,
905 699 957 780 qui
973 699 1143 783 patrimonii
1157 699 1283 769 alterius
1295 701 1371 783 jura
1414 763 1430 780 ,

327 815 528 887 conuectant,
547 807 585 870 ad
601 807 740 870 domnum
756 806 886 886 pecunia
903 803 1121 870 aestimandum
1136 805 1369 873 remanendum

327 913 525 979 condemnari
540 918 678 994 possunt.

392 1015 444 1080 67.
467 1015 575 1098 Neque
596 1033 673 1080 uero
692 1016 744 1097 J'us
765 1014 859 1078 ullum
875 1014 1032 1096 pertinere
1047 1013 1087 1079 ad
1101 1014 1233 1096 aliquem
1253 1022 1368 1096 potest,

1536 3 1546 195 l

822 522 870 587 ι
1544 420 1549 679 l

1544 786 1552 1084 l

326 1125 385 1189 nisi
376 1122 479 1206 qnod
494 1121 576 1186 lacto
597 1121 699 1202 aliquo
722 1121 948 1184 interveniente
970 1119 1001 1182 ei
1020 1119 1199 1200 nequinum
1218 1120 1271 1194 sit3
1294 1118 1370 1182 inde

321 1231 406 1302 iuria
422 1227 605 1306 acquirendi
620 1228 706 1288 modi
719 1226 770 1289 vel
785 1226 884 1298 tituli,
905 1225 956 1305 qui
976 1230 1136 1287 vocantur.
1169 1222 1299 1287 onais
1286 1224 1368 1307 Juris

327 1333 493 1412 acquisitio
509 1335 540 1396 in
556 1332 637 1394 iacto
654 1329 783 1412 quodam
797 1331 917 1407 nititur,
941 1327 1022 1410 quod
1037 1346 1079 1390 ax
1094 1328 1194 1410 aliqua
1209 1345 1366 1411 praecop-

326 1438 408 1502 tione
424 1455 482 1520 pro
499 1437 566 1519 ejm
587 1433 765 1516 acquirendi
788 1450 880 1498 consa
900 1433 1006 1496 hateri
1025 1432 1145 1511 debeat.
1181 1432 1268 1499 duris
1284 1451 1367 1500 eom

327 1543 398 1606 sulti
419 1542 522 1606 varios
538 1541 619 1624 J'uris
640 1537 816 1620 acquirendi
837 1536 961 1616 modos,
982 1545 1036 1602 aut
1055 1537 1276 1600 concitantiooc
1297 1538 1367 1602 sivo

326 1647 520 1724 oriptnmim
541 1653 591 1708 aut
614 1644 823 1706 annotatione
849 1659 907 1706 sen
934 1642 1125 1705 dcricotiroc
1151 1657 1224 1706 esse
1246 1640 1365 1719 dicunt5

261 1751 262 1755 ’
326 1751 386 1816 illis
397 1754 449 1834 jus
465 1748 588 1831 aliquod
603 1748 732 1829 primurn
744 1748 892 1824 nascitur,
905 1745 954 1810 liis
964 1748 1017 1828 jns
1025 1749 1088 1830 jam
1099 1753 1205 1812 uatum
1215 1746 1255 1811 alt
1268 1745 1367 1810 altero

327 1854 366 1919 ad
385 1855 513 1920 alterum
533 1852 721 1916 transfertur.
760 1851 849 1925 Quod
866 1852 893 1914 si
907 1851 955 1930 lit,
978 1851 1036 1930 illi,
1057 1853 1108 1932 qui
1123 1851 1156 1932 in
1171 1852 1297 1916 alterius
1312 1854 1366 1935 J'us

327 1959 476 2038 succedit,
490 1976 551 2022 non
565 1957 635 2038 plus
648 1957 726 2038 juris
743 1958 919 2038 acquiritur,
936 1975 1025 2038 qnam
1039 1963 1145 2020 auctor
1160 1956 1278 2032 habuit;
1294 1955 1365 2019 inde

327 2063 427 2127 illud
414 2063 493 2147 Juris
509 2064 644 2127 axioma.
667 2062 818 2123 neminem
843 2061 911 2143 plus
930 2061 1012 2142 juris
1027 2059 1066 2124 ad
1088 2060 1178 2124 alium
1197 2061 1365 2133 manslerre

326 2185 435 2250 posse,
451 2185 540 2247 quam
556 2168 623 2247 ipse
639 2163 834 2240 habuerat).

393 2270 468 2334 Sunt
490 2279 589 2334 autem
615 2270 696 2351 Juris
720 2268 897 2349 acquirendi
928 2288 1039 2334 causae
1062 2231 1114 2339 aut
1136 2288 1246 2346 cucur,
1270 2269 1365 2332 veluti

325 2394 415 2457 quum
431 2376 499 2457 quis
514 2375 651 2438 nascitur
671 2381 722 2437 aut
736 2373 872 2452 decedit,
895 2383 949 2438 aut
962 2377 1071 2452 rocta,
1090 2376 1169 2458 juris
1185 2373 1364 2455 acquirendi

326 2481 454 2544 oonsilio
468 2481 584 2542 anobis
598 2487 743 2560 suscepta
759 2479 810 2541 vel
826 2489 964 2561 peracta;
980 2489 1032 2542 ant
1046 2485 1168 2555 sactum
1183 2477 1306 2560 aliquod
1321 2482 1362 2539 ot

326 2588 388 2648 alio
403 2587 606 2662 romaniacum,
622 2602 682 2666 quo
698 2584 899 2668 adstringitur
913 2586 951 2649 ad
968 2585 1080 2667 aliquid
1096 2586 1182 2648 nobis
1198 2593 1362 2668 praestan-

317 2683 405 2757 dum.
435 2689 532 2753 Etiam
547 2708 626 2773 quae
639 2690 706 2772 ipso
717 2692 789 2773 jure
804 2691 893 2754 nobis
906 2692 1110 2773 competentia
1121 2692 1194 2772 J'ura
1207 2689 1361 2769 dicuntur,

325 2795 471 2876 acquisita
487 2793 617 2858 dicenda
632 2801 718 2872 sunt,
740 2794 795 2857 sed
812 2795 882 2858 ideo
901 2797 969 2877 ipso
980 2798 1052 2880 jure
1068 2797 1185 2878 acquiri
1203 2797 1359 2876 videntur,

324 2900 405 2981 quud
429 2915 503 2963 casn
529 2899 752 2962 interveniente
776 2901 827 2962 vel
854 2899 935 2964 iacto
959 2901 1085 2966 alterius
1108 2903 1269 2964 commisso
1293 2902 1361 2964 sine

324 3004 478 3067 voluntate
498 3011 603 3066 nostra
625 3001 663 3064 ad
683 3019 741 3066 nos
761 3005 858 3066 etiam·
871 3004 909 3068 ad
928 3005 1106 3088 ignorantes
1129 3006 1286 3088 pertinere
1308 3008 1360 3069 in-

324 3106 447 3190 cipiunt.

390 3212 463 3273 Tam
477 3208 529 3274 diu
541 3218 640 3274 autem
652 3211 704 3293 J'us
717 3210 840 3292 aliquod
855 3221 992 3286 nostrum
1002 3220 1062 3290 ert,
1078 3212 1179 3277 donec
1191 3230 1285 3278 cansa
1299 3233 1360 3277 ex-

322 3317 410 3394 sistit,
426 3334 485 3396 que
499 3316 695 3399 extinguitur.
720 3317 915 3398 Plerumque,
930 3318 1039 3398 quibus
1052 3317 1151 3387 modis
1162 3319 1359 3400 acquirimus,

321 3421 428 3485 iisdem
445 3422 475 3484 in
491 3422 675 3484 eontrarium
692 3421 768 3484 actis
785 3423 926 3485 amittere
941 3424 1075 3487 solemus
1085 3421 1126 3499 8).

385 3524 439 3589 68.
462 3525 628 3608 Praecipua
649 3525 744 3604 facta,
770 3529 881 3609 quibus
899 3529 969 3610 jura
992 3528 1081 3591 nebu
1101 3528 1359 3610 acquiruntur,ii

321 3636 391 3694 aunt
410 3638 511 3708 actus,
532 3647 607 3711 quos
619 3631 704 3702 ionic
718 3633 847 3708 necatio
863 3640 988 3712 vocant,
1011 3635 1146 3697 etunius
1160 3634 1359 3718 relplnrium

320 3807 550 3820 —ffl

375 3907 400 3974 1)
419 3906 461 3957 Fr.
478 3907 534 3956 106.
557 3906 706 3969 D.50,1r.
731 3905 788 3972 (De
806 3905 943 3974 reg.J'ur.)
968 3907 1011 3957 Fr.
1027 3911 1085 3958 114.
1108 3911 1131 3973 5.
1145 3912 1170 3958 8.
1192 3908 1226 3959 D.
1240 3911 1282 3959 30.
1307 3909 1357 3973 (Do

319 3992 415 4059 legetis
429 3991 462 4058 1.)
1145 3983 1148 3988 ¹

374 4079 400 4145 2)
418 4079 461 4130 ur.
474 4079 516 4130 54.
536 4078 568 4130 D.
582 4079 623 4143 50,
639 4083 679 4129 17.
698 4079 751 4142 (De
763 4095 819 4146 reg.
831 4079 897 4146 jur.)
970 4072 973 4078 ’

374 4165 402 4233 3)
421 4165 463 4216 ur.
480 4166 537 4216 153.
556 4167 589 4216 D.
604 4166 645 4229 50,
661 4169 701 4217 17.
720 4165 773 4232 (De
786 4183 840 4233 reg.
849 4167 915 4234 J'ur.)

243 4902 1552 5286 ,ῌ-,ι
