3109 5292
830 511 893 580 tte

344 692 474 758 cecitate
489 689 633 756 ellectum
648 700 707 770 est,
725 699 760 756 ut
774 693 842 775 ejus
857 693 971 756 initium
986 693 1113 756 mlemni
1128 707 1214 756 more
1230 691 1392 756 celebrari·

343 796 451 874 soleat,
467 813 506 859 eo
522 798 710 877 pausantem
725 797 865 876 consilio,
887 805 920 860 ut
934 797 1056 878 publice
1072 804 1203 860 constet:
1225 814 1305 879 quae
1322 814 1383 858 011⁸!
1474 773 1485 792 ⁸

339 902 451 983 jusque
474 900 533 964 riri
556 903 595 964 eit
623 902 724 966 uxor?
753 901 899 980 Accedit,
926 900 1007 982 quod
1033 901 1154 982 nuptiae
1183 918 1241 982 pro
1270 901 1383 964 emeris

341 1006 493 1087 triumpho
512 1004 676 1083 habentur,
701 1013 733 1068 et
748 1004 987 1086 proiectissima
1008 1005 1099 1068 totius
1115 1007 1336 1082 vitae-eventu,
1361 1021 1383 1064 a

346 1127 407 1194 qao
420 1109 598 1175 nubentium
612 1110 673 1175 leta
688 1109 790 1174 lutura
805 1115 964 1192 reguntur.

407 1213 479 1278 lude
499 1214 720 1278 matrimonium
736 1215 817 1296 juris
838 1212 931 1276 divini
952 1222 983 1275 et
1003 1212 1125 1277 burneni
1146 1213 1383 1278 communicatio
1433 1201 1440 1222 ‘

341 1319 402 1382 dici
418 1326 450 1382 et
464 1317 622 1401 religionis
638 1320 798 1382 sanctitate
808 1317 1025 1381 lirmarisolet:
1042 1317 1118 1381 adeo
1131 1325 1166 1381 ut
1173 1316 1252 1414 apud
1269 1317 1382 1380 multos

340 1422 472 1505 populos
487 1439 544 1504 pro
558 1439 595 1484 re
611 1421 710 1485 divina
725 1421 882 1486 habeatnr.
905 1421 1024 1488 Similes
1039 1423 1078 1486 ob
1094 1423 1228 1486 rationes
1244 1419 1382 1484 moribus
1496 1487 1503 1498 ,

340 1527 537 1610 plurimarum
552 1527 688 1608 gentium
702 1534 861 1608 receptum
883 1534 944 1606 est,
966 1545 984 1592 e
1004 1526 1199 1607 quarumdam
1220 1525 1382 1588 connubiis

340 1649 411 1696 esse
425 1629 649 1709 abstinendum,
668 1631 848 1712 praesertim
864 1631 942 1694 inter
963 1631 1168 1714 proximiores
1184 1637 1333 1714 cognatos
1350 1636 1382 1692 et

291 1766 293 1769 v
339 1735 450 1798 affines.
486 1734 639 1808 Quaenam
671 1735 862 1816 singulorum
889 1735 1068 1798 matrimonii
1097 1734 1380 1817 impedimentorum

339 1840 378 1902 eit
401 1839 505 1921 origo,
526 1856 636 1921 magne
652 1840 866 1902 controversie
882 1847 938 1902 eet.
973 1839 1043 1902 Alie
1063 1839 1208 1902 neutralis
1228 1837 1381 1921 puderet

339 1945 514 2009 reverentia
529 1943 648 2026 genuit,
663 1944 757 2007 veluti
772 1944 853 2006 inter
868 1950 1014 2025 parentes
1030 1951 1061 2006 et
1076 1943 1204 2006 liberos:
1226 1943 1285 2005 alia
1309 1960 1379 2005 mo-

337 2049 423 2111 ribus
445 2047 656 2126 invaluerunt,
680 2047 776 2111 veluti
800 2047 979 2110 matrimonii
998 2047 1136 2110 inhibitio
1155 2048 1234 2110 inter
1250 2045 1379 2109 iretrem

338 2160 370 2215 et
384 2168 535 2229 sororem,
550 2159 623 2230 turn,
638 2152 721 2233 quod
736 2153 849 2214 amoris
865 2151 1010 2214 illecebra
1028 2151 1125 2229 deest,
1140 2161 1202 2214 tum
1219 2149 1300 2232 quod
1317 2169 1378 2232 pe-

338 2253 502 2318 riculosius
518 2263 601 2333 erat,
621 2255 771 2338 ejusmodi
792 2257 981 2320 matrimonia
996 2257 1184 2337 permittere.
1211 2255 1377 2318 Probabile

338 2367 387 2422 cst
410 2359 646 2440 antiquissimam
673 2359 782 2423 borum
811 2361 1068 2423 matrimoniorum
1100 2360 1378 2442 prohibitioneme

339 2461 562 2543 sacerdotibus,
572 2465 676 2545 primis
693 2466 847 2529 ciuitatum
863 2464 1131 2546 gubernatoribus,
1141 2463 1238 2526 inisse
1254 2463 1378 2542 iteum,

337 2568 518 2648 praesertim
534 2568 614 2650 apud
629 2569 771 2651 populos,
794 2568 873 2650 apud
889 2585 965 2649 quos
981 2586 1097 2631 uxores
1114 2569 1172 2630 emi
1189 2568 1332 2630 solebant
1347 2575 1379 2629 et

336 2687 448 2752 magne
462 2672 645 2754 virginitatis
665 2681 732 2736 erat
753 2673 940 2750 aestimatio,
964 2679 998 2734 ut
1017 2671 1095 2752 apud
1117 2672 1209 2755 longe
1230 2672 1379 2755 plurimas

337 2782 456 2856 gentes.
478 2775 761 2858 Hoeenprnbetur,
771 2777 852 2857 quod
868 2778 945 2839 liaeo
961 2777 1149 2839 matrimonia
1164 2794 1223 2858 pro
1238 2777 1378 2840 nefandis

335 2879 386 2941 uel
401 2879 702 2959 nelariie‘bebeutur,
718 2889 751 2944 et
764 2882 900 2943 incestae
916 2881 1038 2962 nuptiae
1050 2879 1132 2943 Deos
1144 2879 1309 2943 *offendere
1326 2880 1377 2943 di·

337 2990 456 3046 cuntnr.
481 2983 542 3046 Sed
557 3002 616 3047 nen
631 2983 709 3066 apud
725 3001 832 3046 omnes
848 3002 945 3065 aeque
961 2984 1091 3066 populos
1107 2984 1247 3046 haee‘est
1262 2983 1376 3048 obser-

334 3087 430 3148 vatio:
455 3095 527 3149 sunt
547 3093 657 3168 gentes
679 3090 759 3150 inter
783 3105 858 3168 quas
880 3087 984 3150 fratris
1001 3096 1032 3150 et
1047 3089 1164 3151 sororis
1184 3089 1375 3153 matrimonia

335 3188 366 3252 in
381 3206 441 3252 usu
454 3197 538 3265 snnt;
562 3191 619 3272 ipsi
640 3190 765 3255 Romani
786 3193 843 3255 elie
863 3193 1049 3256 matrimonia
1066 3194 1137 3275 jure
1157 3193 1295 3275 gentium
1315 3192 1374 3254 elie

330 3293 405 3374 jnre
418 3293 501 3356 civili
517 3295 631 3357 incesta
646 3312 717 3357 esse
732 3295 904 3360 docuerunt
920 3294 960 3369 ι).

407 3394 477 3458 124.
500 3395 620 3460 Nullum
652 3406 700 3460 est
722 3400 893 3463 animalium
922 3417 1037 3482 genus,
1068 3401 1153 3482 cujus
1180 3399 1311 3464 debilior
1337 3401 1376 3462 sit

334 3500 439 3580 proles
461 3519 549 3581 quern
571 3500 714 3565 bominis:
739 3503 779 3565 ite
796 3510 829 3565 ut
844 3503 910 3566 eine
926 3510 1084 3585 parentum
1102 3521 1175 3568 cura
1192 3512 1223 3566 et
1239 3505 1378 3568 custodia

334 3606 472 3685 perintra
487 3614 580 3684 esset,
604 3621 662 3667 nec
678 3603 745 3668 sine
760 3606 941 3670 educatione
957 3607 1086 3688 plurium
1102 3626 1249 3672 annorum
1265 3608 1303 3672 ed
1318 3609 1379 3671 ali-

334 3726 425 3790 quem
442 3707 641 3791 perfectionis
656 3709 784 3792 gradum
801 3712 967 3791 pervenire
982 3712 1088 3793 possit.
1118 3712 1165 3776 Ne
1181 3730 1259 3796 ergo
1275 3729 1379 3796 genus

334 3810 497 3877 numanum
512 3813 656 3891 intereat,
664 3821 771 3876 natura
781 3813 970 3896 genitoribus
986 3817 1139 3898 ingentem
1148 3825 1180 3879 et
1194 3823 1377 3899 perpetuum

333 3929 468 3977 amorem
482 3916 514 3977 in
528 3915 643 3978 liberos
657 3917 861 3998 ingeneravit,
881 3935 997 3999 eosque
1015 3921 1087 4004 lege
1101 3921 1232 4002 quedam
1248 3919 1375 3983 adduxit

389 4124 414 4189 1)
430 4125 474 4175 Fr.
487 4128 503 4176 b
517 4129 540 4189 5.
556 4133 578 4178 1.
591 4129 625 4179 D.
641 4132 680 4192 ta,
694 4134 719 4180 t.
732 4129 776 4194 (de
786 4129 935 4189 eond.eiue
948 4131 1049 4197 ceum.)
