<?xml version="1.0" encoding="UTF-8"?>
<!DOCTYPE html PUBLIC "-//W3C//DTD XHTML 1.0 Transitional//EN"
    "http://www.w3.org/TR/xhtml1/DTD/xhtml1-transitional.dtd">
<html xmlns="http://www.w3.org/1999/xhtml" xml:lang="en" lang="en">
 <head>
  <title>
</title>
<meta http-equiv="Content-Type" content="text/html;charset=utf-8" />
  <meta name='ocr-system' content='tesseract 3.04.00' />
  <meta name='ocr-capabilities' content='ocr_page ocr_carea ocr_par ocr_line ocrx_word'/>
</head>
<body>
  <div class='ocr_page' id='page_1' title='image "./philosophiaejur00warngoog_0145.png"; bbox 0 0 3109 5292; ppageno 0'>
   <div class='ocr_carea' id='block_1_1' title="bbox 837 553 900 620">
    <p class='ocr_par' dir='ltr' id='par_1_1' title="bbox 837 553 900 620">
     <span class='ocr_line' id='line_1_1' title="bbox 837 553 900 620; baseline 0.032 -2"><span class='ocrx_word' id='word_1_1' title='bbox 837 553 900 620; x_wconf 80' lang='lat' dir='ltr'><strong>tet</strong></span> 
     </span>
    </p>
   </div>
   <div class='ocr_carea' id='block_1_2' title="bbox 261 711 1551 3217">
    <p class='ocr_par' dir='ltr' id='par_1_2' title="bbox 261 711 1551 3217">
     <span class='ocr_line' id='line_1_2' title="bbox 347 711 1551 818; baseline -0.002 -20"><span class='ocrx_word' id='word_1_2' title='bbox 347 734 411 799; x_wconf 86' lang='lat' dir='ltr'><strong>rins</strong></span> <span class='ocrx_word' id='word_1_3' title='bbox 427 734 572 812; x_wconf 76' lang='lat' dir='ltr'><strong>laeiitur3</strong></span> <span class='ocrx_word' id='word_1_4' title='bbox 593 753 662 799; x_wconf 87' lang='lat' dir='ltr'><strong>eum</strong></span> <span class='ocrx_word' id='word_1_5' title='bbox 677 741 778 798; x_wconf 85' lang='lat' dir='ltr'><strong>autem</strong></span> <span class='ocrx_word' id='word_1_6' title='bbox 788 733 873 818; x_wconf 83' lang='lat' dir='ltr'><strong>jora,</strong></span> <span class='ocrx_word' id='word_1_7' title='bbox 894 749 973 816; x_wconf 80' lang='lat' dir='ltr'><strong>quae</strong></span> <span class='ocrx_word' id='word_1_8' title='bbox 989 731 1151 810; x_wconf 80' lang='lat' dir='ltr'><strong>labemus,</strong></span> <span class='ocrx_word' id='word_1_9' title='bbox 1166 738 1218 796; x_wconf 84' lang='lat' dir='ltr'><strong>aut</strong></span> <span class='ocrx_word' id='word_1_10' title='bbox 1232 743 1391 814; x_wconf 75' lang='lat' dir='ltr'><strong>persona-</strong></span> <span class='ocrx_word' id='word_1_11' title='bbox 1549 711 1551 772; x_wconf 62' lang='lat'><strong>⁴</strong></span> 
     </span>
     <span class='ocr_line' id='line_1_3' title="bbox 347 831 1551 924; baseline -0.002 -22"><span class='ocrx_word' id='word_1_12' title='bbox 347 859 413 903; x_wconf 84' lang='lat' dir='ltr'><strong>rum</strong></span> <span class='ocrx_word' id='word_1_13' title='bbox 429 842 503 920; x_wconf 88' lang='lat' dir='ltr'><strong>sint,</strong></span> <span class='ocrx_word' id='word_1_14' title='bbox 524 849 577 904; x_wconf 88' lang='lat' dir='ltr'><strong>aut</strong></span> <span class='ocrx_word' id='word_1_15' title='bbox 590 840 762 924; x_wconf 73' lang='lat' dir='ltr'><strong>patrimonii</strong></span> <span class='ocrx_word' id='word_1_16' title='bbox 776 842 827 912; x_wconf 71' lang='grc' dir='ltr'><strong>(ς.</strong></span> <span class='ocrx_word' id='word_1_17' title='bbox 843 837 930 915; x_wconf 82' lang='grc'><strong>66.),</strong></span> <span class='ocrx_word' id='word_1_18' title='bbox 954 836 1072 901; x_wconf 87' lang='lat' dir='ltr'><strong>delictis</strong></span> <span class='ocrx_word' id='word_1_19' title='bbox 1095 836 1147 898; x_wconf 88' lang='lat' dir='ltr'><strong>vel</strong></span> <span class='ocrx_word' id='word_1_20' title='bbox 1162 835 1316 900; x_wconf 84' lang='lat' dir='ltr'><strong>malelieiir</strong></span> <span class='ocrx_word' id='word_1_21' title='bbox 1337 844 1391 902; x_wconf 80' lang='lat' dir='ltr'><strong>aot</strong></span> <span class='ocrx_word' id='word_1_22' title='bbox 1550 831 1551 842; x_wconf 47' lang='lat'>*</span> 
     </span>
     <span class='ocr_line' id='line_1_4' title="bbox 347 939 1388 1027; baseline -0.009 -19"><span class='ocrx_word' id='word_1_23' title='bbox 347 962 499 1027; x_wconf 86' lang='lat' dir='ltr'><strong>personae</strong></span> <span class='ocrx_word' id='word_1_24' title='bbox 529 955 581 1010; x_wconf 89' lang='lat' dir='ltr'><strong>aut</strong></span> <span class='ocrx_word' id='word_1_25' title='bbox 612 944 760 1007; x_wconf 82' lang='lat' dir='ltr'><strong>bonorum</strong></span> <span class='ocrx_word' id='word_1_26' title='bbox 789 941 917 1006; x_wconf 88' lang='lat' dir='ltr'><strong>alterius</strong></span> <span class='ocrx_word' id='word_1_27' title='bbox 948 941 1115 1004; x_wconf 74' lang='lat' dir='ltr'><strong>laesionem</strong></span> <span class='ocrx_word' id='word_1_28' title='bbox 1148 939 1256 1004; x_wconf 80' lang='lat' dir='ltr'><strong>inferri</strong></span> <span class='ocrx_word' id='word_1_29' title='bbox 1286 943 1388 1006; x_wconf 70' lang='lat' dir='ltr'><strong>mmi-</strong></span> 
     </span>
     <span class='ocr_line' id='line_1_5' title="bbox 349 1050 534 1114; baseline 0 0"><span class='ocrx_word' id='word_1_30' title='bbox 349 1050 461 1114; x_wconf 83' lang='lat' dir='ltr'><strong>iestnm</strong></span> <span class='ocrx_word' id='word_1_31' title='bbox 477 1058 534 1114; x_wconf 85' lang='lat' dir='ltr'><strong>est</strong></span> 
     </span>
     <span class='ocr_line' id='line_1_6' title="bbox 412 1149 1387 1236; baseline 0 -20"><span class='ocrx_word' id='word_1_32' title='bbox 412 1151 767 1234; x_wconf 64' lang='lat' dir='ltr'><strong>memmatensis</strong></span> <span class='ocrx_word' id='word_1_33' title='bbox 793 1150 941 1228; x_wconf 81' lang='lat' dir='ltr'><strong>infertur,</strong></span> <span class='ocrx_word' id='word_1_34' title='bbox 966 1168 1035 1213; x_wconf 87' lang='lat' dir='ltr'><strong>eum</strong></span> <span class='ocrx_word' id='word_1_35' title='bbox 1056 1151 1139 1214; x_wconf 89' lang='lat' dir='ltr'><strong>vitae</strong></span> <span class='ocrx_word' id='word_1_36' title='bbox 1166 1153 1233 1236; x_wconf 70' lang='lat' dir='ltr'><strong>eius</strong></span> <span class='ocrx_word' id='word_1_37' title='bbox 1261 1149 1387 1224; x_wconf 82' lang='lat' dir='ltr'><strong>insidias</strong></span> 
     </span>
     <span class='ocr_line' id='line_1_7' title="bbox 347 1255 1387 1340; baseline -0.001 -18"><span class='ocrx_word' id='word_1_38' title='bbox 347 1276 505 1340; x_wconf 88' lang='lat' dir='ltr'><strong>paramus,</strong></span> <span class='ocrx_word' id='word_1_39' title='bbox 520 1266 573 1321; x_wconf 83' lang='lat' dir='ltr'><strong>eut</strong></span> <span class='ocrx_word' id='word_1_40' title='bbox 587 1259 648 1321; x_wconf 91' lang='lat' dir='ltr'><strong>vim</strong></span> <span class='ocrx_word' id='word_1_41' title='bbox 663 1257 693 1318; x_wconf 90' lang='lat' dir='ltr'><strong>ei</strong></span> <span class='ocrx_word' id='word_1_42' title='bbox 709 1255 852 1333; x_wconf 84' lang='lat' dir='ltr'><strong>iacimus,</strong></span> <span class='ocrx_word' id='word_1_43' title='bbox 874 1262 925 1316; x_wconf 88' lang='lat' dir='ltr'><strong>aut</strong></span> <span class='ocrx_word' id='word_1_44' title='bbox 940 1273 1055 1338; x_wconf 87' lang='lat' dir='ltr'><strong>eorpus</strong></span> <span class='ocrx_word' id='word_1_45' title='bbox 1071 1259 1138 1340; x_wconf 68' lang='lat' dir='ltr'><strong>eJ&#39;us</strong></span> <span class='ocrx_word' id='word_1_46' title='bbox 1153 1257 1320 1335; x_wconf 82' lang='lat' dir='ltr'><strong>violamus,</strong></span> <span class='ocrx_word' id='word_1_47' title='bbox 1336 1257 1387 1321; x_wconf 82' lang='lat' dir='ltr'><strong>vel</strong></span> 
     </span>
     <span class='ocr_line' id='line_1_8' title="bbox 347 1358 1388 1446; baseline 0.001 -23"><span class='ocrx_word' id='word_1_48' title='bbox 347 1361 495 1427; x_wconf 83' lang='lat' dir='ltr'>honorem</span> <span class='ocrx_word' id='word_1_49' title='bbox 509 1364 577 1446; x_wconf 85' lang='lat' dir='ltr'><strong>ejus</strong></span> <span class='ocrx_word' id='word_1_50' title='bbox 591 1360 782 1438; x_wconf 80' lang='lat' dir='ltr'><strong>verberibus,</strong></span> <span class='ocrx_word' id='word_1_51' title='bbox 800 1358 905 1423; x_wconf 89' lang='lat' dir='ltr'><strong>verbis</strong></span> <span class='ocrx_word' id='word_1_52' title='bbox 920 1367 971 1422; x_wconf 85' lang='lat' dir='ltr'><strong>eut</strong></span> <span class='ocrx_word' id='word_1_53' title='bbox 986 1361 1110 1442; x_wconf 86' lang='lat' dir='ltr'><strong>seriptis</strong></span> <span class='ocrx_word' id='word_1_54' title='bbox 1126 1360 1319 1439; x_wconf 74' lang='lat' dir='ltr'><strong>offendimus,</strong></span> <span class='ocrx_word' id='word_1_55' title='bbox 1337 1369 1388 1424; x_wconf 81' lang='lat' dir='ltr'><strong>sut</strong></span> 
     </span>
     <span class='ocr_line' id='line_1_9' title="bbox 348 1463 1387 1548; baseline 0 -19"><span class='ocrx_word' id='word_1_56' title='bbox 348 1483 417 1530; x_wconf 88' lang='lat' dir='ltr'><strong>eum</strong></span> <span class='ocrx_word' id='word_1_57' title='bbox 432 1484 503 1530; x_wconf 90' lang='lat' dir='ltr'><strong>eum</strong></span> <span class='ocrx_word' id='word_1_58' title='bbox 516 1472 552 1529; x_wconf 90' lang='lat' dir='ltr'><strong>nt</strong></span> <span class='ocrx_word' id='word_1_59' title='bbox 565 1483 690 1529; x_wconf 87' lang='lat' dir='ltr'><strong>serrum</strong></span> <span class='ocrx_word' id='word_1_60' title='bbox 705 1469 885 1540; x_wconf 77' lang='lat' dir='ltr'><strong>tractamus,</strong></span> <span class='ocrx_word' id='word_1_61' title='bbox 907 1463 979 1526; x_wconf 90' lang='lat' dir='ltr'><strong>item</strong></span> <span class='ocrx_word' id='word_1_62' title='bbox 996 1482 1064 1526; x_wconf 89' lang='lat' dir='ltr'><strong>enm</strong></span> <span class='ocrx_word' id='word_1_63' title='bbox 1080 1481 1150 1543; x_wconf 87' lang='lat' dir='ltr'><strong>eos,</strong></span> <span class='ocrx_word' id='word_1_64' title='bbox 1171 1483 1248 1548; x_wconf 87' lang='lat' dir='ltr'><strong>quos</strong></span> <span class='ocrx_word' id='word_1_65' title='bbox 1271 1467 1387 1547; x_wconf 81' lang='lat' dir='ltr'><strong>quirin</strong></span> 
     </span>
     <span class='ocr_line' id='line_1_10' title="bbox 347 1567 1386 1653; baseline 0.001 -20"><span class='ocrx_word' id='word_1_66' title='bbox 347 1578 499 1653; x_wconf 71' lang='lat' dir='ltr'><strong>potestate</strong></span> <span class='ocrx_word' id='word_1_67' title='bbox 519 1570 625 1646; x_wconf 85' lang='lat' dir='ltr'><strong>lrabet,</strong></span> <span class='ocrx_word' id='word_1_68' title='bbox 650 1568 762 1649; x_wconf 75' lang='lat' dir='ltr'><strong>iniuria</strong></span> <span class='ocrx_word' id='word_1_69' title='bbox 783 1567 945 1645; x_wconf 81' lang='lat' dir='ltr'><strong>altisimus,</strong></span> <span class='ocrx_word' id='word_1_70' title='bbox 969 1585 1080 1631; x_wconf 86' lang='lat' dir='ltr'><strong>eumve</strong></span> <span class='ocrx_word' id='word_1_71' title='bbox 1104 1569 1186 1632; x_wconf 87' lang='lat' dir='ltr'><strong>illam</strong></span> <span class='ocrx_word' id='word_1_72' title='bbox 1203 1575 1386 1650; x_wconf 80' lang='lat' dir='ltr'><strong>potestatem</strong></span> 
     </span>
     <span class='ocr_line' id='line_1_11' title="bbox 347 1669 1387 1752; baseline 0.003 -15"><span class='ocrx_word' id='word_1_73' title='bbox 347 1675 461 1737; x_wconf 77' lang='lat' dir='ltr'><strong>haltere</strong></span> <span class='ocrx_word' id='word_1_74' title='bbox 476 1673 557 1736; x_wconf 84' lang='lat' dir='ltr'><strong>laeto</strong></span> <span class='ocrx_word' id='word_1_75' title='bbox 571 1679 677 1734; x_wconf 89' lang='lat' dir='ltr'><strong>nostro</strong></span> <span class='ocrx_word' id='word_1_76' title='bbox 688 1669 895 1752; x_wconf 79' lang='lat' dir='ltr'><strong>prohibemus,</strong></span> <span class='ocrx_word' id='word_1_77' title='bbox 920 1670 979 1743; x_wconf 81' lang='lat' dir='ltr'><strong>Qui</strong></span> <span class='ocrx_word' id='word_1_78' title='bbox 995 1673 1072 1736; x_wconf 91' lang='lat' dir='ltr'><strong>alios</strong></span> <span class='ocrx_word' id='word_1_79' title='bbox 1085 1673 1272 1738; x_wconf 81' lang='lat' dir='ltr'><strong>interficiunt</strong></span> <span class='ocrx_word' id='word_1_80' title='bbox 1285 1683 1387 1741; x_wconf 87' lang='lat' dir='ltr'><strong>autem</strong></span> 
     </span>
     <span class='ocr_line' id='line_1_12' title="bbox 261 1775 1388 1862; baseline 0.002 -21"><span class='ocrx_word' id='word_1_81' title='bbox 261 1779 263 1781; x_wconf 78' lang='grc'><strong>’</strong></span> <span class='ocrx_word' id='word_1_82' title='bbox 347 1779 459 1862; x_wconf 80' lang='lat' dir='ltr'><strong>publici</strong></span> <span class='ocrx_word' id='word_1_83' title='bbox 473 1777 576 1844; x_wconf 80' lang='lat' dir='ltr'><strong>delicti</strong></span> <span class='ocrx_word' id='word_1_84' title='bbox 591 1777 643 1841; x_wconf 90' lang='lat' dir='ltr'><strong>vel</strong></span> <span class='ocrx_word' id='word_1_85' title='bbox 663 1776 799 1840; x_wconf 82' lang='lat' dir='ltr'><strong>oriminis</strong></span> <span class='ocrx_word' id='word_1_86' title='bbox 815 1776 862 1840; x_wconf 89' lang='lat' dir='ltr'><strong>rei</strong></span> <span class='ocrx_word' id='word_1_87' title='bbox 881 1783 968 1854; x_wconf 90' lang='lat' dir='ltr'><strong>sunt,</strong></span> <span class='ocrx_word' id='word_1_88' title='bbox 991 1775 1125 1858; x_wconf 85' lang='lat' dir='ltr'><strong>ideoque</strong></span> <span class='ocrx_word' id='word_1_89' title='bbox 1145 1797 1242 1859; x_wconf 78' lang='lat' dir='ltr'><strong>poena</strong></span> <span class='ocrx_word' id='word_1_90' title='bbox 1267 1780 1388 1860; x_wconf 81' lang='lat' dir='ltr'><strong>pnltliea</strong></span> 
     </span>
     <span class='ocr_line' id='line_1_13' title="bbox 348 1880 1388 1963; baseline 0.002 -17"><span class='ocrx_word' id='word_1_91' title='bbox 348 1881 524 1946; x_wconf 75' lang='lat' dir='ltr'><strong>afficiuntur.</strong></span> <span class='ocrx_word' id='word_1_92' title='bbox 560 1880 643 1943; x_wconf 86' lang='lat' dir='ltr'><strong>lrlem</strong></span> <span class='ocrx_word' id='word_1_93' title='bbox 654 1880 735 1963; x_wconf 84' lang='lat' dir='ltr'><strong>juris</strong></span> <span class='ocrx_word' id='word_1_94' title='bbox 751 1887 810 1958; x_wconf 85' lang='lat' dir='ltr'><strong>est,</strong></span> <span class='ocrx_word' id='word_1_95' title='bbox 826 1881 935 1960; x_wconf 88' lang='lat' dir='ltr'><strong>siquis</strong></span> <span class='ocrx_word' id='word_1_96' title='bbox 951 1881 1081 1944; x_wconf 88' lang='lat' dir='ltr'><strong>alterum</strong></span> <span class='ocrx_word' id='word_1_97' title='bbox 1096 1882 1321 1963; x_wconf 71' lang='lat' dir='ltr'><strong>vulneraverit,</strong></span> <span class='ocrx_word' id='word_1_98' title='bbox 1337 1884 1388 1948; x_wconf 91' lang='lat' dir='ltr'><strong>vel</strong></span> 
     </span>
     <span class='ocr_line' id='line_1_14' title="bbox 347 1985 1387 2067; baseline 0.001 -18"><span class='ocrx_word' id='word_1_99' title='bbox 347 1987 513 2050; x_wconf 83' lang='lat' dir='ltr'><strong>membrum</strong></span> <span class='ocrx_word' id='word_1_100' title='bbox 535 1985 650 2066; x_wconf 85' lang='lat' dir='ltr'><strong>aliquid</strong></span> <span class='ocrx_word' id='word_1_101' title='bbox 672 1985 842 2049; x_wconf 86' lang='lat' dir='ltr'><strong>abstulerit.</strong></span> <span class='ocrx_word' id='word_1_102' title='bbox 885 1985 917 2048; x_wconf 95' lang='lat' dir='ltr'><strong>ln</strong></span> <span class='ocrx_word' id='word_1_103' title='bbox 940 1986 1066 2067; x_wconf 80' lang='lat' dir='ltr'><strong>reliquis</strong></span> <span class='ocrx_word' id='word_1_104' title='bbox 1087 1988 1185 2050; x_wconf 83' lang='lat' dir='ltr'><strong>oaueis</strong></span> <span class='ocrx_word' id='word_1_105' title='bbox 1207 1988 1387 2052; x_wconf 84' lang='lat' dir='ltr'><strong>maleficium</strong></span> 
     </span>
     <span class='ocr_line' id='line_1_15' title="bbox 346 2085 1388 2174; baseline 0.004 -22"><span class='ocrx_word' id='word_1_106' title='bbox 346 2093 467 2162; x_wconf 55' lang='lat' dir='ltr'><strong>mario</strong></span> <span class='ocrx_word' id='word_1_107' title='bbox 485 2093 517 2155; x_wconf 91' lang='lat' dir='ltr'><strong>in</strong></span> <span class='ocrx_word' id='word_1_108' title='bbox 537 2091 715 2174; x_wconf 76' lang='lat' dir='ltr'><strong>angustiore</strong></span> <span class='ocrx_word' id='word_1_109' title='bbox 736 2105 830 2152; x_wconf 86' lang='lat' dir='ltr'><strong>sensu</strong></span> <span class='ocrx_word' id='word_1_110' title='bbox 855 2090 906 2152; x_wconf 91' lang='lat' dir='ltr'><strong>vol</strong></span> <span class='ocrx_word' id='word_1_111' title='bbox 927 2085 1117 2152; x_wconf 74' lang='lat' dir='ltr'><strong>contumelia</strong></span> <span class='ocrx_word' id='word_1_112' title='bbox 1131 2089 1163 2166; x_wconf 88' lang='lat'><strong>¹)</strong></span> <span class='ocrx_word' id='word_1_113' title='bbox 1184 2092 1305 2155; x_wconf 86' lang='lat' dir='ltr'><strong>dieitur.</strong></span> <span class='ocrx_word' id='word_1_114' title='bbox 1343 2092 1388 2156; x_wconf 87' lang='lat' dir='ltr'><strong>Ea</strong></span> 
     </span>
     <span class='ocr_line' id='line_1_16' title="bbox 347 2193 1387 2279; baseline 0.002 -23"><span class='ocrx_word' id='word_1_115' title='bbox 347 2194 509 2257; x_wconf 90' lang='lat' dir='ltr'><strong>multorum</strong></span> <span class='ocrx_word' id='word_1_116' title='bbox 529 2195 712 2277; x_wconf 90' lang='lat' dir='ltr'><strong>populorum</strong></span> <span class='ocrx_word' id='word_1_117' title='bbox 732 2193 854 2276; x_wconf 75' lang='lat' dir='ltr'><strong>legibus</strong></span> <span class='ocrx_word' id='word_1_118' title='bbox 875 2193 1005 2276; x_wconf 88' lang='lat' dir='ltr'><strong>publicis</strong></span> <span class='ocrx_word' id='word_1_119' title='bbox 1025 2212 1147 2276; x_wconf 70' lang='lat' dir='ltr'><strong>quoque</strong></span> <span class='ocrx_word' id='word_1_120' title='bbox 1167 2197 1276 2279; x_wconf 87' lang='lat' dir='ltr'><strong>poenis</strong></span> <span class='ocrx_word' id='word_1_121' title='bbox 1291 2199 1387 2261; x_wconf 77' lang='lat' dir='ltr'><strong>eoen-</strong></span> 
     </span>
     <span class='ocr_line' id='line_1_17' title="bbox 348 2296 1388 2380; baseline 0.006 -22"><span class='ocrx_word' id='word_1_122' title='bbox 348 2303 436 2359; x_wconf 87' lang='lat' dir='ltr'><strong>eetur</strong></span> <span class='ocrx_word' id='word_1_123' title='bbox 451 2304 483 2358; x_wconf 95' lang='lat' dir='ltr'><strong>et</strong></span> <span class='ocrx_word' id='word_1_124' title='bbox 496 2313 619 2380; x_wconf 86' lang='lat' dir='ltr'><strong>semper</strong></span> <span class='ocrx_word' id='word_1_125' title='bbox 631 2297 710 2360; x_wconf 84' lang='lat' dir='ltr'><strong>hane</strong></span> <span class='ocrx_word' id='word_1_126' title='bbox 728 2297 821 2360; x_wconf 83' lang='lat' dir='ltr'><strong>labet</strong></span> <span class='ocrx_word' id='word_1_127' title='bbox 840 2296 900 2358; x_wconf 92' lang='lat' dir='ltr'><strong>virn</strong></span> <span class='ocrx_word' id='word_1_128' title='bbox 916 2306 947 2359; x_wconf 94' lang='lat' dir='ltr'><strong>et</strong></span> <span class='ocrx_word' id='word_1_129' title='bbox 960 2297 1122 2378; x_wconf 74' lang='lat' dir='ltr'><strong>ellectum,</strong></span> <span class='ocrx_word' id='word_1_130' title='bbox 1139 2306 1171 2360; x_wconf 89' lang='lat' dir='ltr'><strong>ut</strong></span> <span class='ocrx_word' id='word_1_131' title='bbox 1183 2317 1256 2362; x_wconf 90' lang='lat' dir='ltr'><strong>reus</strong></span> <span class='ocrx_word' id='word_1_132' title='bbox 1270 2299 1388 2364; x_wconf 83' lang='lat' dir='ltr'><strong>iaeinus</strong></span> 
     </span>
     <span class='ocr_line' id='line_1_18' title="bbox 348 2401 1388 2494; baseline 0.002 -30"><span class='ocrx_word' id='word_1_133' title='bbox 348 2420 437 2464; x_wconf 89' lang='lat' dir='ltr'><strong>suum</strong></span> <span class='ocrx_word' id='word_1_134' title='bbox 453 2403 581 2483; x_wconf 79' lang='lat' dir='ltr'><strong>expiare</strong></span> <span class='ocrx_word' id='word_1_135' title='bbox 596 2409 752 2478; x_wconf 86' lang='lat' dir='ltr'><strong>teneatur,</strong></span> <span class='ocrx_word' id='word_1_136' title='bbox 768 2401 957 2483; x_wconf 79' lang='lat' dir='ltr'><strong>quadrariae</strong></span> <span class='ocrx_word' id='word_1_137' title='bbox 974 2401 1068 2494; x_wconf 78' lang='lat' dir='ltr'><strong>modis</strong></span> <span class='ocrx_word' id='word_1_138' title='bbox 1084 2403 1241 2484; x_wconf 87' lang='lat' dir='ltr'><strong>prooedit,</strong></span> <span class='ocrx_word' id='word_1_139' title='bbox 1256 2404 1388 2466; x_wconf 81' lang='lat' dir='ltr'><strong>meletae</strong></span> 
     </span>
     <span class='ocr_line' id='line_1_19' title="bbox 348 2505 1390 2591; baseline 0.005 -25"><span class='ocrx_word' id='word_1_140' title='bbox 348 2505 439 2569; x_wconf 90' lang='lat' dir='ltr'><strong>etiam</strong></span> <span class='ocrx_word' id='word_1_141' title='bbox 453 2505 604 2568; x_wconf 86' lang='lat' dir='ltr'><strong>solutione</strong></span> <span class='ocrx_word' id='word_1_142' title='bbox 624 2509 711 2586; x_wconf 83' lang='lat' dir='ltr'><strong>quasi</strong></span> <span class='ocrx_word' id='word_1_143' title='bbox 731 2506 929 2570; x_wconf 84' lang='lat' dir='ltr'><strong>redemtionis</strong></span> <span class='ocrx_word' id='word_1_144' title='bbox 951 2507 1022 2570; x_wconf 90' lang='lat' dir='ltr'><strong>loeo</strong></span> <span class='ocrx_word' id='word_1_145' title='bbox 1044 2507 1133 2570; x_wconf 86' lang='lat' dir='ltr'><strong>laete.</strong></span> <span class='ocrx_word' id='word_1_146' title='bbox 1171 2507 1276 2572; x_wconf 86' lang='lat' dir='ltr'><strong>Solent</strong></span> <span class='ocrx_word' id='word_1_147' title='bbox 1295 2509 1390 2591; x_wconf 76' lang='lat' dir='ltr'><strong>igitur</strong></span> 
     </span>
     <span class='ocr_line' id='line_1_20' title="bbox 347 2609 1389 2694; baseline 0.006 -22"><span class='ocrx_word' id='word_1_148' title='bbox 347 2610 400 2690; x_wconf 81' lang='lat' dir='ltr'><strong>qui</strong></span> <span class='ocrx_word' id='word_1_149' title='bbox 412 2609 634 2673; x_wconf 82' lang='lat' dir='ltr'><strong>contumeliosa</strong></span> <span class='ocrx_word' id='word_1_150' title='bbox 648 2611 739 2673; x_wconf 89' lang='lat' dir='ltr'><strong>alium</strong></span> <span class='ocrx_word' id='word_1_151' title='bbox 752 2611 960 2688; x_wconf 73' lang='lat' dir='ltr'><strong>tractaverint,</strong></span> <span class='ocrx_word' id='word_1_152' title='bbox 973 2612 1047 2674; x_wconf 90' lang='lat' dir='ltr'><strong>tanti</strong></span> <span class='ocrx_word' id='word_1_153' title='bbox 1060 2610 1269 2691; x_wconf 81' lang='lat' dir='ltr'><strong>eoademnari,</strong></span> <span class='ocrx_word' id='word_1_154' title='bbox 1284 2613 1389 2694; x_wconf 83' lang='lat' dir='ltr'><strong>quenti</strong></span> 
     </span>
     <span class='ocr_line' id='line_1_21' title="bbox 318 2707 1388 2802; baseline 0.007 -28"><span class='ocrx_word' id='word_1_155' title='bbox 318 2707 321 2710; x_wconf 74' lang='grc'><strong>’</strong></span> <span class='ocrx_word' id='word_1_156' title='bbox 347 2714 487 2797; x_wconf 84' lang='lat' dir='ltr'><strong>injuriam</strong></span> <span class='ocrx_word' id='word_1_157' title='bbox 501 2730 612 2795; x_wconf 89' lang='lat' dir='ltr'><strong>passus</strong></span> <span class='ocrx_word' id='word_1_158' title='bbox 627 2715 848 2794; x_wconf 77' lang='lat' dir='ltr'><strong>aestimaverit,</strong></span> <span class='ocrx_word' id='word_1_159' title='bbox 863 2716 913 2778; x_wconf 88' lang='lat' dir='ltr'><strong>vel</strong></span> <span class='ocrx_word' id='word_1_160' title='bbox 928 2717 1053 2780; x_wconf 91' lang='lat' dir='ltr'><strong>minoris</strong></span> <span class='ocrx_word' id='word_1_161' title='bbox 1071 2726 1163 2801; x_wconf 92' lang='lat' dir='ltr'><strong>prout</strong></span> <span class='ocrx_word' id='word_1_162' title='bbox 1173 2719 1271 2802; x_wconf 77' lang='lat' dir='ltr'><strong>judici</strong></span> <span class='ocrx_word' id='word_1_163' title='bbox 1286 2720 1388 2782; x_wconf 82' lang='lat' dir='ltr'><strong>visum</strong></span> 
     </span>
     <span class='ocr_line' id='line_1_22' title="bbox 349 2817 1387 2904; baseline 0.008 -24"><span class='ocrx_word' id='word_1_164' title='bbox 349 2818 456 2896; x_wconf 84' lang='lat' dir='ltr'><strong>luerit,</strong></span> <span class='ocrx_word' id='word_1_165' title='bbox 478 2817 588 2881; x_wconf 89' lang='lat' dir='ltr'><strong>autad</strong></span> <span class='ocrx_word' id='word_1_166' title='bbox 609 2820 759 2898; x_wconf 80' lang='lat' dir='ltr'><strong>pecuniae</strong></span> <span class='ocrx_word' id='word_1_167' title='bbox 774 2838 920 2884; x_wconf 89' lang='lat' dir='ltr'><strong>summam</strong></span> <span class='ocrx_word' id='word_1_168' title='bbox 938 2820 1010 2904; x_wconf 81' lang='lat' dir='ltr'><strong>lege</strong></span> <span class='ocrx_word' id='word_1_169' title='bbox 1025 2821 1178 2886; x_wconf 86' lang='lat' dir='ltr'><strong>delinitam</strong></span> <span class='ocrx_word' id='word_1_170' title='bbox 1199 2824 1387 2889; x_wconf 80' lang='lat' dir='ltr'><strong>salvenuam.</strong></span> 
     </span>
     <span class='ocr_line' id='line_1_23' title="bbox 349 2918 1387 3010; baseline 0.009 -28"><span class='ocrx_word' id='word_1_171' title='bbox 349 2918 469 2984; x_wconf 81' lang='lat' dir='ltr'><strong>Crescit</strong></span> <span class='ocrx_word' id='word_1_172' title='bbox 483 2929 583 2984; x_wconf 90' lang='lat' dir='ltr'><strong>autem</strong></span> <span class='ocrx_word' id='word_1_173' title='bbox 596 2928 651 2982; x_wconf 87' lang='lat' dir='ltr'><strong>aut</strong></span> <span class='ocrx_word' id='word_1_174' title='bbox 666 2923 810 2986; x_wconf 88' lang='lat' dir='ltr'><strong>minuitur</strong></span> <span class='ocrx_word' id='word_1_175' title='bbox 822 2923 900 2988; x_wconf 78' lang='lat' dir='ltr'><strong>laaee</strong></span> <span class='ocrx_word' id='word_1_176' title='bbox 913 2926 1081 2990; x_wconf 78' lang='lat' dir='ltr'><strong>aestimatio</strong></span> <span class='ocrx_word' id='word_1_177' title='bbox 1097 2927 1264 2992; x_wconf 83' lang='lat' dir='ltr'><strong>seeundum</strong></span> <span class='ocrx_word' id='word_1_178' title='bbox 1282 2927 1387 3010; x_wconf 66' lang='lat' dir='ltr'><strong>ligm-</strong></span> 
     </span>
     <span class='ocr_line' id='line_1_24' title="bbox 348 3023 1272 3109; baseline 0.006 -22"><span class='ocrx_word' id='word_1_179' title='bbox 348 3026 422 3087; x_wconf 78' lang='lat' dir='ltr'><strong>tatis</strong></span> <span class='ocrx_word' id='word_1_180' title='bbox 433 3042 587 3106; x_wconf 83' lang='lat' dir='ltr'><strong>personae</strong></span> <span class='ocrx_word' id='word_1_181' title='bbox 601 3023 706 3088; x_wconf 84' lang='lat' dir='ltr'><strong>laesae</strong></span> <span class='ocrx_word' id='word_1_182' title='bbox 721 3025 849 3109; x_wconf 82' lang='lat' dir='ltr'><strong>gradum</strong></span> <span class='ocrx_word' id='word_1_183' title='bbox 865 3037 915 3092; x_wconf 90' lang='lat' dir='ltr'><strong>aut</strong></span> <span class='ocrx_word' id='word_1_184' title='bbox 931 3031 1010 3092; x_wconf 89' lang='lat' dir='ltr'><strong>vitae</strong></span> <span class='ocrx_word' id='word_1_185' title='bbox 1025 3030 1220 3109; x_wconf 79' lang='lat' dir='ltr'><strong>honestatem</strong></span> <span class='ocrx_word' id='word_1_186' title='bbox 1230 3029 1272 3106; x_wconf 72' lang='grc'><strong>2).</strong></span> 
     </span>
     <span class='ocr_line' id='line_1_25' title="bbox 415 3129 1389 3217; baseline 0.012 -31"><span class='ocrx_word' id='word_1_187' title='bbox 415 3129 452 3208; x_wconf 88' lang='grc' dir='ltr'><strong>β)</strong></span> <span class='ocrx_word' id='word_1_188' title='bbox 476 3130 666 3190; x_wconf 80' lang='lat' dir='ltr'><strong>Patrimonii</strong></span> <span class='ocrx_word' id='word_1_189' title='bbox 677 3131 748 3212; x_wconf 72' lang='lat' dir='ltr'><strong>iura</strong></span> <span class='ocrx_word' id='word_1_190' title='bbox 771 3131 897 3196; x_wconf 87' lang='lat' dir='ltr'><strong>alterius</strong></span> <span class='ocrx_word' id='word_1_191' title='bbox 912 3133 1092 3212; x_wconf 85' lang='lat' dir='ltr'><strong>laeduntur,</strong></span> <span class='ocrx_word' id='word_1_192' title='bbox 1112 3142 1166 3198; x_wconf 90' lang='lat' dir='ltr'><strong>aut</strong></span> <span class='ocrx_word' id='word_1_193' title='bbox 1181 3153 1249 3198; x_wconf 88' lang='lat' dir='ltr'><strong>eum</strong></span> <span class='ocrx_word' id='word_1_194' title='bbox 1264 3137 1389 3217; x_wconf 88' lang='lat' dir='ltr'><strong>eorpori</strong></span> 
     </span>
    </p>
   </div>
   <div class='ocr_carea' id='block_1_3' title="bbox 345 3230 1391 3945">
    <p class='ocr_par' dir='ltr' id='par_1_3' title="bbox 345 3230 1391 3945">
     <span class='ocr_line' id='line_1_26' title="bbox 348 3230 1390 3320; baseline 0.01 -28"><span class='ocrx_word' id='word_1_195' title='bbox 348 3247 480 3312; x_wconf 83' lang='lat' dir='ltr'><strong>corpore</strong></span> <span class='ocrx_word' id='word_1_196' title='bbox 500 3230 641 3295; x_wconf 85' lang='lat' dir='ltr'><strong>damnum</strong></span> <span class='ocrx_word' id='word_1_197' title='bbox 661 3232 775 3298; x_wconf 82' lang='lat' dir='ltr'><strong>facturn</strong></span> <span class='ocrx_word' id='word_1_198' title='bbox 797 3237 852 3314; x_wconf 89' lang='lat' dir='ltr'><strong>sit,</strong></span> <span class='ocrx_word' id='word_1_199' title='bbox 874 3237 958 3300; x_wconf 91' lang='lat' dir='ltr'><strong>velut</strong></span> <span class='ocrx_word' id='word_1_200' title='bbox 980 3239 1007 3300; x_wconf 92' lang='lat' dir='ltr'><strong>si</strong></span> <span class='ocrx_word' id='word_1_201' title='bbox 1030 3239 1096 3320; x_wconf 81' lang='lat' dir='ltr'><strong>quis</strong></span> <span class='ocrx_word' id='word_1_202' title='bbox 1118 3241 1264 3320; x_wconf 87' lang='lat' dir='ltr'><strong>ruperit,</strong></span> <span class='ocrx_word' id='word_1_203' title='bbox 1281 3241 1390 3318; x_wconf 76' lang='lat' dir='ltr'><strong>amerit,</strong></span> 
     </span>
     <span class='ocr_line' id='line_1_27' title="bbox 347 3335 1391 3424; baseline 0.009 -27"><span class='ocrx_word' id='word_1_204' title='bbox 347 3335 478 3418; x_wconf 81' lang='lat' dir='ltr'><strong>inegerit</strong></span> <span class='ocrx_word' id='word_1_205' title='bbox 491 3353 557 3398; x_wconf 91' lang='lat' dir='ltr'><strong>rem</strong></span> <span class='ocrx_word' id='word_1_206' title='bbox 572 3337 717 3417; x_wconf 87' lang='lat' dir='ltr'><strong>alienam,</strong></span> <span class='ocrx_word' id='word_1_207' title='bbox 733 3349 868 3403; x_wconf 84' lang='lat' dir='ltr'><strong>autenm</strong></span> <span class='ocrx_word' id='word_1_208' title='bbox 884 3343 952 3422; x_wconf 89' lang='lat' dir='ltr'><strong>quis</strong></span> <span class='ocrx_word' id='word_1_209' title='bbox 968 3359 1019 3404; x_wconf 89' lang='lat' dir='ltr'><strong>res</strong></span> <span class='ocrx_word' id='word_1_210' title='bbox 1036 3344 1104 3424; x_wconf 88' lang='lat' dir='ltr'><strong>ejus</strong></span> <span class='ocrx_word' id='word_1_211' title='bbox 1120 3340 1241 3406; x_wconf 85' lang='lat' dir='ltr'><strong>furatus</strong></span> <span class='ocrx_word' id='word_1_212' title='bbox 1257 3343 1309 3421; x_wconf 83' lang='lat' dir='ltr'><strong>sit,</strong></span> <span class='ocrx_word' id='word_1_213' title='bbox 1325 3345 1345 3405; x_wconf 91' lang='lat' dir='ltr'><strong>i.</strong></span> <span class='ocrx_word' id='word_1_214' title='bbox 1362 3362 1391 3406; x_wconf 91' lang='lat' dir='ltr'><strong>e.</strong></span> 
     </span>
     <span class='ocr_line' id='line_1_28' title="bbox 348 3439 1391 3527; baseline 0.01 -25"><span class='ocrx_word' id='word_1_215' title='bbox 348 3439 427 3502; x_wconf 89' lang='lat' dir='ltr'><strong>lucri</strong></span> <span class='ocrx_word' id='word_1_216' title='bbox 449 3439 579 3503; x_wconf 79' lang='lat' dir='ltr'><strong>faciendi</strong></span> <span class='ocrx_word' id='word_1_217' title='bbox 601 3443 715 3520; x_wconf 89' lang='lat' dir='ltr'><strong>animo,</strong></span> <span class='ocrx_word' id='word_1_218' title='bbox 742 3442 840 3508; x_wconf 87' lang='lat' dir='ltr'><strong>invito</strong></span> <span class='ocrx_word' id='word_1_219' title='bbox 863 3464 917 3525; x_wconf 89' lang='lat' dir='ltr'><strong>eo,</strong></span> <span class='ocrx_word' id='word_1_220' title='bbox 946 3447 1027 3510; x_wconf 87' lang='lat' dir='ltr'><strong>illam</strong></span> <span class='ocrx_word' id='word_1_221' title='bbox 1051 3449 1307 3527; x_wconf 77' lang='lat' dir='ltr'><strong>contrectaverit,</strong></span> <span class='ocrx_word' id='word_1_222' title='bbox 1336 3455 1391 3515; x_wconf 84' lang='lat' dir='ltr'><strong>aut</strong></span> 
     </span>
     <span class='ocr_line' id='line_1_29' title="bbox 348 3545 1389 3634; baseline 0.008 -28"><span class='ocrx_word' id='word_1_223' title='bbox 348 3561 416 3606; x_wconf 84' lang='lat' dir='ltr'><strong>euna</strong></span> <span class='ocrx_word' id='word_1_224' title='bbox 431 3561 484 3606; x_wconf 89' lang='lat' dir='ltr'><strong>res</strong></span> <span class='ocrx_word' id='word_1_225' title='bbox 499 3545 530 3606; x_wconf 92' lang='lat' dir='ltr'><strong>vi</strong></span> <span class='ocrx_word' id='word_1_226' title='bbox 545 3546 575 3607; x_wconf 92' lang='lat' dir='ltr'><strong>ei</strong></span> <span class='ocrx_word' id='word_1_227' title='bbox 590 3546 782 3626; x_wconf 77' lang='lat' dir='ltr'><strong>auferantur,</strong></span> <span class='ocrx_word' id='word_1_228' title='bbox 802 3558 854 3612; x_wconf 87' lang='lat' dir='ltr'><strong>aut</strong></span> <span class='ocrx_word' id='word_1_229' title='bbox 869 3567 936 3612; x_wconf 88' lang='lat' dir='ltr'><strong>eum</strong></span> <span class='ocrx_word' id='word_1_230' title='bbox 957 3549 1135 3614; x_wconf 84' lang='lat' dir='ltr'><strong>iraudulose</strong></span> <span class='ocrx_word' id='word_1_231' title='bbox 1151 3551 1323 3634; x_wconf 86' lang='lat' dir='ltr'><strong>daeipiatar</strong></span> <span class='ocrx_word' id='word_1_232' title='bbox 1338 3552 1389 3615; x_wconf 93' lang='lat' dir='ltr'><strong>vel</strong></span> 
     </span>
     <span class='ocr_line' id='line_1_30' title="bbox 348 3648 1388 3738; baseline 0.012 -29"><span class='ocrx_word' id='word_1_233' title='bbox 348 3649 381 3710; x_wconf 92' lang='lat' dir='ltr'><strong>vi</strong></span> <span class='ocrx_word' id='word_1_234' title='bbox 396 3655 519 3712; x_wconf 90' lang='lat' dir='ltr'><strong>metuve</strong></span> <span class='ocrx_word' id='word_1_235' title='bbox 534 3648 625 3712; x_wconf 88' lang='lat' dir='ltr'><strong>allato</strong></span> <span class='ocrx_word' id='word_1_236' title='bbox 637 3650 676 3714; x_wconf 83' lang='lat' dir='ltr'><strong>ai</strong></span> <span class='ocrx_word' id='word_1_237' title='bbox 695 3669 747 3714; x_wconf 87' lang='lat' dir='ltr'><strong>res</strong></span> <span class='ocrx_word' id='word_1_238' title='bbox 763 3669 835 3717; x_wconf 91' lang='lat' dir='ltr'><strong>suas</strong></span> <span class='ocrx_word' id='word_1_239' title='bbox 848 3654 1025 3718; x_wconf 54' lang='lat' dir='ltr'><strong>mendas</strong></span> <span class='ocrx_word' id='word_1_240' title='bbox 1036 3655 1087 3720; x_wconf 88' lang='lat' dir='ltr'><strong>vel</strong></span> <span class='ocrx_word' id='word_1_241' title='bbox 1102 3654 1388 3738; x_wconf 80' lang='lat' dir='ltr'><strong>orl-promissionem</strong></span> 
     </span>
     <span class='ocr_line' id='line_1_31' title="bbox 347 3753 1388 3825; baseline 0.012 -11"><span class='ocrx_word' id='word_1_242' title='bbox 347 3753 621 3816; x_wconf 72' lang='lat' dir='ltr'><strong>satisfaciendam</strong></span> <span class='ocrx_word' id='word_1_243' title='bbox 636 3764 762 3819; x_wconf 88' lang='lat' dir='ltr'><strong>ooaetus</strong></span> <span class='ocrx_word' id='word_1_244' title='bbox 777 3759 825 3820; x_wconf 86' lang='lat' dir='ltr'><strong>sit.</strong></span> <span class='ocrx_word' id='word_1_245' title='bbox 864 3759 954 3823; x_wconf 88' lang='lat' dir='ltr'><strong>Varia</strong></span> <span class='ocrx_word' id='word_1_246' title='bbox 972 3758 1044 3824; x_wconf 84' lang='lat' dir='ltr'><strong>inda</strong></span> <span class='ocrx_word' id='word_1_247' title='bbox 1066 3760 1179 3824; x_wconf 81' lang='lat' dir='ltr'><strong>deliota</strong></span> <span class='ocrx_word' id='word_1_248' title='bbox 1192 3761 1280 3825; x_wconf 81' lang='lat' dir='ltr'><strong>velut</strong></span> <span class='ocrx_word' id='word_1_249' title='bbox 1300 3758 1388 3825; x_wconf 78' lang='lat' dir='ltr'><strong>osm-</strong></span> 
     </span>
     <span class='ocr_line' id='line_1_32' title="bbox 345 3855 1388 3945; baseline 0.012 -28"><span class='ocrx_word' id='word_1_250' title='bbox 345 3874 418 3927; x_wconf 83' lang='lat' dir='ltr'><strong>num</strong></span> <span class='ocrx_word' id='word_1_251' title='bbox 441 3855 551 3940; x_wconf 85' lang='lat' dir='ltr'><strong>injuria</strong></span> <span class='ocrx_word' id='word_1_252' title='bbox 572 3857 689 3937; x_wconf 67' lang='lat' dir='ltr'><strong>moun,</strong></span> <span class='ocrx_word' id='word_1_253' title='bbox 718 3862 807 3943; x_wconf 71' lang='lat' dir='ltr'><strong>onius</strong></span> <span class='ocrx_word' id='word_1_254' title='bbox 830 3861 989 3944; x_wconf 87' lang='lat' dir='ltr'><strong>reparandi</strong></span> <span class='ocrx_word' id='word_1_255' title='bbox 1013 3881 1107 3928; x_wconf 80' lang='lat' dir='ltr'><strong>eausa</strong></span> <span class='ocrx_word' id='word_1_256' title='bbox 1131 3862 1211 3945; x_wconf 76' lang='lat' dir='ltr'><strong>apud</strong></span> <span class='ocrx_word' id='word_1_257' title='bbox 1235 3863 1388 3929; x_wconf 80' lang='lat' dir='ltr'><strong>Romanos</strong></span> 
     </span>
    </p>
   </div>
   <div class='ocr_carea' id='block_1_4' title="bbox 402 4098 989 4253">
    <p class='ocr_par' dir='ltr' id='par_1_4' title="bbox 402 4098 989 4253">
     <span class='ocr_line' id='line_1_33' title="bbox 403 4098 989 4172; baseline 0.017 -27"><span class='ocrx_word' id='word_1_258' title='bbox 403 4098 428 4162; x_wconf 91' lang='lat'><strong>1)</strong></span> <span class='ocrx_word' id='word_1_259' title='bbox 446 4099 490 4149; x_wconf 89' lang='lat' dir='ltr'><strong>Pr.</strong></span> <span class='ocrx_word' id='word_1_260' title='bbox 508 4101 532 4161; x_wconf 70' lang='lat'><strong>5.</strong></span> <span class='ocrx_word' id='word_1_261' title='bbox 548 4105 570 4150; x_wconf 89' lang='lat'><strong>1.</strong></span> <span class='ocrx_word' id='word_1_262' title='bbox 584 4104 608 4150; x_wconf 77' lang='lat'><strong>2.</strong></span> <span class='ocrx_word' id='word_1_263' title='bbox 626 4102 690 4152; x_wconf 85' lang='lat' dir='ltr'><strong>luat.</strong></span> <span class='ocrx_word' id='word_1_264' title='bbox 703 4102 749 4151; x_wconf 89' lang='lat' dir='ltr'><strong>1v.</strong></span> <span class='ocrx_word' id='word_1_265' title='bbox 763 4104 787 4152; x_wconf 78' lang='grc'><strong>3.</strong></span> <span class='ocrx_word' id='word_1_266' title='bbox 806 4100 850 4169; x_wconf 84' lang='lat' dir='ltr'><strong>(de</strong></span> <span class='ocrx_word' id='word_1_267' title='bbox 863 4102 989 4172; x_wconf 85' lang='lat' dir='ltr'><strong>injuriis.)</strong></span> 
     </span>
     <span class='ocr_line' id='line_1_34' title="bbox 402 4182 890 4253; baseline 0.02 -23"><span class='ocrx_word' id='word_1_268' title='bbox 402 4182 429 4248; x_wconf 81' lang='lat'><strong>2)</strong></span> <span class='ocrx_word' id='word_1_269' title='bbox 448 4185 471 4244; x_wconf 68' lang='lat'><strong>5.</strong></span> <span class='ocrx_word' id='word_1_270' title='bbox 486 4188 509 4233; x_wconf 84' lang='grc'><strong>7.</strong></span> <span class='ocrx_word' id='word_1_271' title='bbox 527 4184 592 4235; x_wconf 83' lang='lat' dir='ltr'><strong>Inst.</strong></span> <span class='ocrx_word' id='word_1_272' title='bbox 605 4185 649 4235; x_wconf 86' lang='lat' dir='ltr'><strong>IV.</strong></span> <span class='ocrx_word' id='word_1_273' title='bbox 663 4188 688 4235; x_wconf 81' lang='lat'><strong>3.</strong></span> <span class='ocrx_word' id='word_1_274' title='bbox 706 4185 752 4247; x_wconf 78' lang='lat' dir='ltr'><strong>(rie</strong></span> <span class='ocrx_word' id='word_1_275' title='bbox 764 4187 890 4253; x_wconf 78' lang='lat' dir='ltr'><strong>injuriis.)</strong></span> 
     </span>
    </p>
   </div>
   <div class='ocr_carea' id='block_1_5' title="bbox 0 0 1562 5292">
    <p class='ocr_par' dir='ltr' id='par_1_5' title="bbox 0 0 1562 5292">
     <span class='ocr_line' id='line_1_35' title="bbox 0 0 1562 5292; baseline 0 0"><span class='ocrx_word' id='word_1_276' title='bbox 0 0 1562 5292; x_wconf 95' lang='lat' dir='ltr'><strong> </strong></span> 
     </span>
    </p>
   </div>
  </div>
 </body>
</html>
