3109 5292
810 573 874 642 tlt

323 755 878 839 cuipam-civitatiseoanttutionem
892 754 1074 838 imperiique
1093 755 1235 835 immam,
1257 761 1311 820 aut
1325 754 1377 819 ml·

323 861 463 944 regimen
482 869 514 924 et
534 860 724 942 reipublicae
746 859 1001 924 administrandae
1022 861 1154 926 modum.
1188 859 1262 924 Inde
1284 860 1377 924 duae·

323 966 414 1048 liujus
429 966 510 1048 juris
529 973 633 1048 partes
652 962 798 1048 distingui
817 966 930 1044 solent,
948 983 1029 1047 quas
1050 966 1101 1046 qui
1120 983 1202 1030 nuuc
1220 973 1295 1029 sunt
1308 969 1378 1039 ica·

322 1073 478 1148 panium
494 1069 833 1146 constitutivarum&
844 1071 948 1146 public
958 1071 1149 1145 constitutis,
1156 1073 1367 1134 Stentmecltt

323 1178 422 1249 etius
434 1177 592 1252 publicem
607 1175 911 1250 commeatum,
932 1177 1232 1251 Regimmuarectt,
1254 1175 1367 1256 appel-

323 1281 401 1357 laut3
413 1281 494 1364 juris
517 1279 631 1362 publici
652 1280 809 1343 vocabulis
832 1287 933 1342 tame'n
952 1279 1047 1362 vulgo
1069 1280 1155 1362 prior
1171 1279 1250 1362 juris
1273 1279 1367 1363 liujus

323 1403 399 1468 pars
411 1385 597 1469 intelligitur.
622 1383 863 1448 Deliciuuturea
874 1400 1016 1466 suprema
1032 1385 1063 1446 in
1079 1384 1201 1448 civitate
1216 1391 1367 1466 potestas,

322 1491 409 1574 regis
432 1491 590 1574 imperium
611 1491 825 1570 et‘majestas,
847 1506 1013 1570 procerum
1036 1489 1201 1571 populique
1223 1487 1379 1554 ordinum

319 1596 404 1678 jura:
419 1594 755 1676 describiturperpetua
762 1591 950 1674 reipublicae
961 1591 1069 1671 lorma,
1076 1601 1108 1655 et
1117 1591 1255 1674 publicae
1264 1593 1365 1656 liber-

323 1701 394 1764 tatis
416 1699 532 1763 modus.
570 1697 670 1781 Saepe
689 1700 767 1760 lraec
789 1697 887 1760 amnia
909 1699 1034 1779 propria
1060 1697 1132 1780 lege
1161 1697 1364 1776 continentur,

324 1802 621 1886 quambolielepem
632 1804 899 1877 limnnmentolem
911 1801 1366 1866 velcbnrlumcmtetitutleum

322 1916 444 1988 vocant,
460 1917 494 1972 ut
508 1909 539 1970 in
553 1908 662 1992 Belgio
676 1916 709 1970 et
721 1906 754 1971 iu
767 1905 913 1970 liorussia
927 1906 1034 1971 aliisve
1049 1907 1080 1969 iu
1092 1907 1208 1990 regnis.
1233 1907 1380 1971 Possunt·

325 2020 426 2076 tamen
441 2030 480 2076 ea
494 2020 527 2075 et
540 2013 674 2075 moribus
691 2029 762 2076 esse
776 2011 910 2090 delinita,
926 2019 960 2075 ut
974 2010 1054 2093 apud
1070 2011 1239 2075 Britannos.
1251 2043 1254 2052 ·

390 2116 497 2180 Altera
508 2119 589 2200 juris
603 2117 717 2198 publici
731 2123 820 2198 parte
836 2115 989 2197 descripta
998 2119 1067 2178 sunl
1079 2115 1202 2197 publice
1216 2115 1366 2193 mutata

322 2239 402 2303 quae
416 2223 546 2285 civitatis
560 2221 640 2282 bene
654 2219 906 2284 administrandae
921 2237 1015 2284 censa
1024 2220 1243 2284 ordinataesse
1252 2220 1381 2298 solent·

323 2333 357 2388 et
375 2326 524 2408 originem
549 2341 635 2389 suam
658 2343 755 2407 saepe
779 2343 821 2386 ex
843 2326 909 2406 ipsa
933 2324 1121 2406 reipublicae
1150 2325 1366 2389 constitutione

323 2438 451 2493 sumum.
487 2431 547 2494 l’ro
566 2430 696 2513 singulis
716 2437 749 2492 et
766 2433 850 2503 tepea
869 2427 1011 2492 feruutur
1026 2437 1058 2492 et
1073 2430 1268 2513 magistratus
1284 2441 1379 2493 cou-¹

323 2535 496 2597 stituuntur.
529 2531 675 2616 Spectant
697 2534 774 2597 baec
790 2533 925 2596 instituta
940 2539 992 2596 aet
1006 2533 1042 2596 ad
1057 2534 1152 2616 ipsius
1175 2533 1375 2615 reipublicae-

323 2637 559 2707 incoiumitntem
574 2645 606 2701 et
621 2639 753 2717 tutelam,
774 2645 827 2700 aut
836 2637 916 2721 juris
931 2638 1119 2701 sanctionem
1136 2645 1228 2719 atque
1250 2637 1366 2702 delen-

323 2743 455 2821 sionem‚
475 2749 528 2806 aut
545 2744 650 2826 populi
670 2744 801 2808 salutem
817 2741 1029 2825 publicamque
1050 2743 1293 2824 prosperitatem.
1324 2743 1378 2808 lisv

326 2848 498 2911 libertatem
513 2865 636 2929 semper
656 2848 868 2912 circumscribi
885 2849 948 2930 jam
964 2849 1144 2926 notavimus,
1164 2865 1224 2910 nec
1239 2849 1349 2932 injuria
1354 2869 1365 2926 ;

323 2959 392 3016 num
406 2953 490 3034 quod
505 2953 644 3016 omuibus
659 2953 800 3035 expedit,
821 2953 859 3015 ab
874 2953 1043 3034 imperante
1057 2967 1175 3015 summa
1186 2955 1257 3035 jure
1273 2953 1365 3016 statim

323 3066 434 3140 petest

392 3161 465 3226 tlt
487 3158 718 3226 comutrerum
732 3163 922 3245 publicarum
939 3162 1167 3226 constitutiones
1183 3164 1227 3228 sic
1240 3164 1366 3246 publica

323 3267 460 3332 instituta
474 3266 555 3350 apud
571 3265 714 3331 diversos
728 3269 858 3351 populos
879 3268 1087 3333 diversissima
1102 3270 1220 3334 ratione
1235 3270 1367 3334 coufor-

324 3379 402 3437 mata
417 3374 490 3437 sint:
514 3371 668 3453 copiosius
683 3373 714 3435 in
734 3373 794 3437 boc
814 3375 892 3438 libro
914 3372 953 3435 de
973 3373 1012 3436 iis
1033 3373 1180 3456 disputari
1199 3391 1261 3438 non
1281 3375 1365 3439 licet.

324 3480 494 3560 Praecepta
507 3484 607 3542 autem
619 3479 700 3559 juris
715 3478 830 3561 publici
844 3478 983 3542 omuibus
1004 3465 1176 3542 civitatibus
1192 3481 1366 3545 communie

322 3601 483 3667 perpauca
498 3589 614 3646 suntet
629 3581 666 3645 ad
681 3599 814 3646 sumum
829 3589 942 3646 tentum
964 3585 1031 3665 ejus
1047 3584 1188 3646 notiones
1202 3585 1365 3665 pertinent.

326 3685 485 3751 civitatum
505 3686 922 3769 administratiopraesertim
944 3687 975 3750 in
996 3688 1196 3768 sequentibus
1215 3688 1366 3752 consistit.

324 3781 374 3857 Aa
389 3790 611 3856 defendendam
625 3792 843 3873 rempublicam
864 3799 971 3855 contra
991 3797 1207 3854 extraneorum
1229 3808 1368 3877 aggres-

324 3899 428 3962 siones
443 3913 577 3962 summus
593 3895 769 3979 imperator,
786 3899 837 3962 vel
854 3898 906 3980 qui
922 3898 1037 3960 civitati
1052 3907 1189 3981 praeest,
1213 3915 1283 3962 cum
1299 3897 1366 3964 aliis

326 4005 468 4087 gentibus
483 4001 611 4066 loedere
627 4001 705 4064 inire
721 4003 810 4084 sciet,
832 4010 884 4067 aut
899 4000 979 4067 bella
994 4019 1062 4064 cum
1079 4003 1114 4066 iis
1130 4021 1260 4088 gerere:
1284 4004 1366 4068 unde

326 4106 488 4173 descendit
496 4109 548 4190 jus
563 4105 637 4170 belli
652 4115 684 4170 et
698 4108 800 4190 pacis,
821 4123 951 4190 quocum
961 4109 1014 4189 jus
1028 4107 1168 4172 militare
1183 4108 1366 4174 continetur.

326 4206 443 4274 Goutm
456 4211 569 4274 civium
583 4211 805 4276 malevolorum
820 4210 976 4276 audacium
991 4210 1145 4276 civitatem
1154 4211 1368 4296 singulorum-
