3109 5292
848 531 899 598 42.

861 604 868 612 Δ
878 604 892 614 ¹0

354 729 421 784 rusi
437 711 539 794 legum
555 710 681 794 Digesta
696 708 877 784 conficiendi
893 707 923 786 1)
927 729 941 787 3
964 709 1022 774 sed
1035 717 1106 780 aute
1120 709 1219 774 ouda
1234 709 1310 774 dicit
1323 725 1396 778 esso

355 813 528 896 optandum,
537 822 572 877 ut
586 813 732 896 ejusmodi
748 813 852 896 legum
867 815 1047 879 instauratio
1063 816 1101 881 iis
1116 815 1306 896 temporibus
1320 831 1396 883 sus·

356 919 494 1000 cipiatur,
511 935 589 998 quae
605 919 820 994 anterioribus,
828 935 956 998 quorum
973 927 1040 982 acta
1056 928 1089 983 et
1103 938 1198 1002 opera
1214 924 1395 996 retractant,

354 1023 463 1096 litteris
480 1029 510 1085 et
525 1039 628 1086 rerum
648 1024 823 1105 cognitione
842 1023 1052 1103 praestiterint
1067 1022 1108 1100 ²).
1129 1074 1131 1077 .
1145 1025 1285 1105 lienique
1305 1039 1394 1086 surn-

355 1145 422 1193 urus
442 1128 489 1190 vir
509 1127 703 1209 sagacissime
725 1127 870 1192 disseruit
894 1127 934 1190 de
956 1131 1178 1212 perscriptione
1197 1129 1395 1216 judiciorum,

355 1233 394 1296 de
409 1232 609 1314 scriptoribus
625 1232 814 1312 authenticis,
824 1232 864 1294 de
879 1234 964 1295 libris
979 1218 1187 1314 auxiliaribus,
1203 1235 1242 1297 de
1257 1251 1395 1316 respou-

355 1338 398 1402 sis
414 1346 446 1401 et
461 1337 604 1402 consultis
620 1336 825 1420 prudentium,
847 1339 886 1402 de
897 1341 977 1423 juris
991 1339 1218 1420 probationibus
1232 1338 1319 1402 etde
1333 1357 1394 1400 va-

355 1443 506 1508 cillatione
523 1440 709 1525 judiciorum
726 1439 765 1518 θ)
804 1444 969 1508 Praeterea
991 1452 1100 1508 auctor
1121 1452 1154 1506 et
1167 1445 1198 1507 io
1220 1443 1318 1520 libro,
1341 1442 1396 1523 qui

355 1549 421 1630 ejas
436 1565 616 1624 „ammonas
631 1547 759 1620 fidelcs‘
780 1549 930 1632 vulgavit,
951 1549 991 1612 de
1013 1548 1224 1631 legislatorum
1246 1546 1397 1628 sapientia
1505 1555 1510 1563 ’

356 1649 439 1714 etde
454 1649 649 1714 reformando
661 1652 732 1732 jure
748 1652 828 1715 bene
844 1652 990 1719 disseruit
1004 1651 1045 1726 4).
1110 1712 1113 1723 ,
1185 1712 1187 1715 ,
1296 1708 1300 1711 ,

423 1753 474 1817 24
500 1754 613 1828 Quaeri
630 1763 741 1838 potest,
758 1775 796 1820 an
811 1756 1309 1838 celeberrimusFrauoogallorum
1324 1772 1396 1819 me·

356 1858 408 1932 dio
424 1877 501 1922 aevo
516 1859 610 1922 xviii
625 1861 773 1942 scriptor,
799 1863 833 1924 0.
847 1869 887 1923 de
901 1863 1118 1939 Mculeapciea
1132 1855 1165 1934 6)
1184 1859 1307 1942 injuris
1323 1856 1397 1940 pbi-

355 1962 515 2046 losopbiae
531 1972 674 2028 auctores
689 1965 873 2029 referendus
892 1968 945 2046 sit,
967 1984 1035 2032 cunr
1053 1982 1156 2045 neque
1175 1963 1214 2028 de
1230 1963 1306 2046 justi
1320 1962 1397 2024 luu-

356 2067 496 2136 dumento
515 2076 573 2132 aut
593 2077 701 2132 namra
723 2069 938 2150 disputaverit,
968 2087 1070 2151 neque
1096 2067 1219 2150 aliquod
1245 2066 1397 2133 palmalis

350 2173 430 2255 juris
456 2178 594 2248 systema
616 2175 820 2255 proposuerit
863 2175 1013 2238 ilistorioa
1035 2173 1158 2256 quidem
1176 2172 1295 2235 ratione
1310 2170 1397 2253 juris

355 2275 438 2342 initia
453 2283 486 2337 et
501 2277 737 2359 progressiones
752 2279 871 2359 legun,
893 2277 1084 2360 publicorum
1104 2284 1136 2340 et
1156 2277 1288 2340 ciuilium
1302 2275 1398 2339 insti·

355 2387 489 2443 tutorum
511 2397 619 2444 musas
642 2389 673 2444 et
695 2382 893 2446 necessitates
914 2389 1068 2462 mumque
1092 2381 1275 2465 populorum
1299 2380 1397 2443 tuimur

355 2483 508 2565 politicam
524 2483 555 2546 in
570 2483 708 2550 librosuo
721 2491 782 2562 ‚ue
795 2490 927 2563 t’lsrprit
942 2493 995 2548 dea
1009 2489 1099 2549 ἰσὶν(
1114 2483 1274 2567 praeclaro
1289 2499 1397 2564 expo-

356 2586 418 2676 suit
432 2595 522 2668 atoue
544 2588 721 2652 illustravit:
740 2579 800 2654 sed
821 2609 914 2673 quum
935 2591 966 2652 in
989 2590 1129 2654 omuibus
1150 2589 1219 2656 libri
1243 2588 1397 2672 capitibus

297 2698 299 2702 ‘
355 2691 593 2774 pbiloscpbicam
605 2694 684 2775 juris
700 2694 823 2758 colendi
838 2697 986 2760 rationem
1007 2713 1076 2760 curn
1095 2693 1241 2758 bistones
1260 2695 1398 2776 coujun-

355 2797 448 2875 1orit‚
457 2797 553 2877 ipsam
566 2799 645 2880 juris
655 2797 810 2862 historiam
824 2800 1076 2882 pbilosophorum
1090 2815 1177 2864 more
1193 2806 1397 2880 pertractans,

355 2919 415 2966 uon
430 2902 578 2965 immerito
601 2903 818 2984 scriptoribus,
840 2905 879 2967 de
900 2903 1111 2986 philosophica
1128 2903 1209 2985 juris
1231 2903 1397 2984 disciplina

355 3006 468 3087 optime
496 3004 626 3083 meritis,
655 3006 895 3072 adnumerandus
918 3009 1050 3072 ridetur.
1087 3007 1287 3090 Investigavit
1313 3008 1397 3072 enias

355 3110 484 3192 primurn
508 3110 610 3173 varias
631 3127 736 3175 rerum
756 3113 944 3193 publicarum
964 3112 1092 3187 formas3
1115 3120 1180 3176 leur
1203 3111 1397 3194 aguloun

355 3213 443 3294 qusai
457 3214 638 3294 principium
652 3223 743 3296 atque
764 3216 948 3298 praesidium
967 3224 1038 3279 ante
1057 3217 1165 3280 oculos
1184 3223 1309 3279 nostros
1333 3231 1398 3296 po-
1528 3271 1531 3275 .

356 3318 426 3395 suit,
442 3333 532 3398 quum
548 3317 732 3399 despotieas,
749 3339 828 3400 quae
844 3321 995 3398 dicuntur,
1002 3321 1141 3384 civitates
1154 3326 1251 3395 msa,
1267 3335 1397 3383 mouu-

356 3459 581 3480 ὑι-ι-ιι-ιι--ι-ι·

427 3812 437 3878 >
455 3811 578 3863 Nolendo
595 3811 769 3862 Elzerirenna
787 3811 866 3876 hujus
885 3811 948 3863 libri
961 3811 1054 3873 saltim
1079 3815 1398 3880 nuperrimegarmtnicu

357 3900 414 3964 ejas
426 3900 514 3952 versio
527 3899 639 3966 vulgale
651 3903 698 3950 esi.
1344 3920 1347 3925 ·

410 3985 436 4049 5)
455 3985 613 4050 Saepissime
631 3985 837 4050 Montesquierii
853 3983 918 4038 b‘bri
936 3983 985 4046 „de
999 3983 1103 4051 ltsspfia
1121 3984 1155 4037 de
1166 3985 1241 4038 loix“
1259 3993 1328 4040 aut
1337 3986 1401 4042 niv
1531 4046 1532 4053 χ

357 4071 426 4136 gaii,
449 4070 534 4120 veluti
552 4085 614 4122 oum
624 4087 685 4137 opp.
699 4072 807 4122 Parisiis
823 4073 905 4134 leat,
921 4071 1077 4124 mentibu
1093 4073 1246 4124 Destruit
1261 4074 1297 4126 da
1309 4076 1399 4141 Tncy
1531 4064 1532 4091 ³

357 4153 498 4207 Villemain
516 4162 543 4207 ei
561 4157 720 4209 Walkenaer
738 4158 816 4208 editis
834 4162 853 4207 t.
873 4161 950 4208 2-4.
