3109 5292
829 543 894 612 tac

344 729 395 792 vol
406 727 534 792 arbores
549 727 581 790 in
595 725 692 790 sulum
707 732 847 789 nostrum
862 723 979 807 positae
995 729 1154 804 postquam
1169 719 1290 786 radices
1302 720 1384 794 ioco

345 832 477 916 egerint,
500 832 571 894 item
586 849 640 894 res
655 848 725 893 cum
741 829 853 894 nostris
869 828 911 892 ita
926 827 1113 910 conjunctae,
1134 825 1317 889 commixtae
1333 830 1385 888 aut

344 936 507 1016 contusae,
527 943 562 1000 ut
575 936 713 1018 separari
728 941 896 1016 nequeant;
929 935 959 996 io
986 932 1097 1012 quibus
1121 931 1245 996 casibus
1269 928 1384 996 uetari

343 1041 538 1124 principalem
553 1040 601 1104 rei
624 1039 777 1104 dominum
794 1039 936 1121 adjuncta
957 1054 1009 1099 res
1032 1036 1178 1116 pertinet3
1202 1034 1255 1098 vel
1270 1033 1382 1098 coniu-

342 1163 446 1209 sarum
465 1153 518 1209 aut
537 1147 769 1208 commixtarum
790 1161 894 1206 rerum
918 1159 975 1224 pro
996 1139 1123 1204 indiviso
1144 1141 1224 1203 inter
1245 1138 1384 1203 dominos

341 1267 448 1313 earum
466 1249 659 1313 constituitur
674 1248 854 1312 communio.

409 1351 523 1416 Omnes
537 1353 593 1416 liae
608 1371 712 1417 rerum
727 1351 943 1432 acquisitiones
963 1367 1048 1414 mene
1064 1348 1217 1413 naturales
1232 1346 1383 1413 dicendae

344 1456 577 1534 emendentur,
592 1457 732 1538 quoniam
749 1457 780 1517 vi
797 1473 851 1518 sua
867 1455 1029 1519 dominium
1046 1453 1232 1517 constituunt
1247 1469 1306 1514 nec
1321 1451 1383 1516 ulla

344 1561 493 1644 peculiari
511 1562 593 1643 J'uris
613 1560 713 1624 ciuilis
733 1562 892 1624 sanctione
915 1577 968 1624 eas
987 1558 1159 1622 confirmari
1178 1575 1311 1622 necesse
1328 1564 1384 1620 est

415 1662 488 1726 too,
511 1659 545 1746 b)
572 1662 711 1724 Alterum
731 1662 854 1726 dominii
876 1663 1108 1744 acquisitionum
1124 1679 1227 1746 genus
1247 1662 1285 1724 iis
1305 1677 1384 1743 pro·

344 1769 427 1834 xime
435 1767 565 1846 accedit,
580 1769 600 1830 i.
607 1785 636 1830 e.
651 1784 766 1846 earum,
783 1767 893 1847 quibus
909 1783 961 1830 res
977 1766 1107 1830 naturali
1123 1781 1248 1846 quoque
1261 1764 1384 1831 ratione

228 1915 232 1922 -
342 1874 658 1955 autumationum,
681 1871 737 1934 sed
753 1870 792 1934 de
810 1871 919 1951 quibus
930 1872 1001 1954 jure
1017 1870 1099 1934 civili
1115 1868 1309 1944 statuendum
1325 1875 1384 1946 est,

343 1995 406 2060 qno
420 1984 571 2042 momento
586 1977 634 2039 rei
648 1976 809 2058 acquisitio
826 1975 965 2059 perlecta
980 1976 1039 2038 sit?
1069 1974 1150 2038 lntcr
1165 1975 1220 2038 has
1235 1981 1308 2038 aute
1325 1991 1384 2038 ce·

346 2091 430 2146 teras
444 2080 623 2146 nominanda
640 2088 687 2143 est
700 2080 825 2143 dominii
840 2081 936 2143 nostri
952 2081 981 2143 in
998 2078 1087 2143 alium
1104 2079 1274 2142 translatio.
1325 2129 1329 2134 .

412 2185 542 2248 Veteres
553 2184 761 2267 jurisconsulti
781 2185 823 2248 nil
838 2185 933 2267 magis
949 2186 1134 2250 conueniens
1150 2200 1222 2248 esse
1239 2182 1386 2246 dixerunt

345 2289 473 2355 naturali
482 2289 633 2370 aequitati,
648 2306 737 2368 quam
746 2296 843 2354 ratam
858 2288 964 2350 haberi
980 2288 1092 2351 domini
1102 2287 1303 2366 voluntatem,
1319 2305 1385 2350 rem

342 2394 474 2459 suumin
490 2394 580 2456 alium
594 2391 765 2456 transferre
781 2391 959 2467 volentis¹).
993 2391 1068 2456 lure
1088 2391 1212 2455 dominii
1229 2392 1310 2454 enim
1328 2408 1384 2453 sua

345 2506 452 2562 natura
465 2500 516 2582 jus
532 2497 684 2562 alienandi
700 2499 882 2560 continetur.
903 2497 1005 2560 Potest
1019 2496 1111 2579 igitur
1126 2496 1227 2578 quivis
1242 2495 1386 2560 dominus

326 2601 503 2685 vvoluntate
530 2620 586 2666 sua
611 2602 701 2664 alium
727 2620 802 2664 suae
825 2603 871 2664 rci
900 2601 1053 2664 dominum
1076 2599 1214 2664 efficere.
1256 2600 1304 2662 De
1331 2600 1386 2664 illo

344 2715 459 2772 tantum
479 2707 589 2790 quaeri
609 2712 727 2788 potest,
759 2703 880 2788 quando
910 2704 1062 2786 quiahoc
1089 2703 1204 2770 iecisse
1234 2704 1385 2770 dicandus

343 2811 405 2876 sit?
437 2812 457 2875 i.
471 2829 499 2874 e.
519 2827 652 2892 quonam
674 2809 756 2872 iacto
775 2810 998 2873 interveniente
1019 2808 1170 2872 alienandi
1192 2811 1382 2875 uoluntatem

346 2913 604 2979 manifestaverit?
650 2912 714 2976 lluc
734 2921 835 2977 autem
853 2915 925 2997 June
946 2912 1026 2976 civili
1042 2914 1128 2976 varic
1147 2914 1239 2978 modo
1262 2913 1384 2980 definiri

345 3018 441 3093 solet3
467 3019 541 3099 jure
560 3016 694 3079 Romano
715 3034 817 3078 rerum
848 3016 979 3081 dominia
1001 3034 1063 3078 non
1085 3018 1178 3078 nucia
1198 3021 1308 3096 pactio
1330 3017 1385 3082 sed

346 3120 557 3184 traditionibus
571 3127 684 3184 tantum
700 3119 924 3186 transferuntur
935 3120 976 3200 ²),
997 3121 1068 3204 June
1084 3120 1202 3186 Gallico
1217 3122 1384 3194 noamsimo

341 3224 415 3290 aulo
431 3226 494 3307 jam
514 3223 700 3289 aienationis
721 3214 931 3300 contractu³).
961 3225 1159 3290 Praedictum
1175 3226 1309 3290 dominia
1324 3243 1383 3290 nou

343 3328 405 3394 uui
420 3328 539 3409 publica
554 3329 804 3408 transsumptione
819 3328 897 3393 iacta
907 3331 938 3394 in
948 3330 1383 3413 aliumtransireJammonui*

344 3451 414 3497 mus
428 3437 476 3507 (ς
492 3433 551 3507 9.).
580 3431 657 3496 Olim
673 3433 787 3516 injure
803 3433 871 3498 cedi
886 3435 937 3498 vcl
953 3451 1057 3500 coram
1072 3435 1202 3498 testibus
1219 3434 1386 3516 mancipari

346 3536 505 3601 deluebant
543 3536 598 3601 list
625 3555 703 3620 ergo
731 3537 856 3602 dominii
887 3540 1062 3620 acquisitio,
1095 3556 1176 3620 quae
1199 3539 1386 3603 alienatione

345 3642 459 3724 prioris
481 3641 593 3705 domini
617 3642 790 3724 perficitur,
822 3643 847 3704 si
871 3661 928 3708 sua
951 3643 1072 3726 quidem
1095 3643 1259 3722 naturalis,
1286 3642 1384 3722 inimi

346 3763 424 3811 vcro
439 3747 547 3826 civilis,
563 3746 694 3828 ideoque
710 3748 813 3808 macta
828 3747 966 3812 meando.

411 3850 503 3916 Aliae
524 3851 660 3951 ejusliem
680 3853 806 3934 generis
824 3851 950 3917 cominu
964 3840 1150 3936 ¹acquirendi
1174 3871 1289 3918 causae
1315 3871 1387 3918 assa

401 3993 428 4060 t)
445 3997 469 4058 q.
481 3999 523 4059 so,
530 3997 552 4046 1.
566 4000 589 4046 a.
606 3999 628 4046 1.
643 3995 687 4063 (ue
699 4009 752 4048 reo.
765 3998 832 4065 uit.)
1375 3981 1378 3986 ’

402 4084 429 4150 2)
448 4082 478 4134 C.
491 4087 525 4134 20
538 4084 568 4135 0.
582 4087 606 4134 2.
619 4087 644 4135 a.
657 4084 700 4152 (dc
711 4085 819 4152 poetic).

402 4166 429 4240 l)
447 4167 519 4220 Cede
534 4168 613 4222 civit
630 4171 688 4222 Art.
699 4172 761 4223 539.
