3109 5292
681 553 725 628 ,ῃ

183 733 346 830 sinantur,
367 745 438 802 sunt
451 738 583 821 deniquo
598 741 748 820 multatas,
768 741 799 804 in
814 737 922 823 qulbus
936 743 1036 807 omnia
1048 743 1145 825 ipsios
1158 759 1221 826 po·

186 843 251 924 puli
274 843 399 906 arbitrio
420 850 579 926 reguntur.
618 843 710 925 Apud
731 845 860 926 primum
879 860 993 930 penus,
1021 844 1073 911 ubl
1091 843 1221 930 populas

186 947 281 1010 ebeni
292 947 370 1031 juris
386 965 457 1010 esse
472 948 606 1027 videtur,
621 949 702 1013 nulla
719 957 766 1012 est
780 949 941 1013 inviolatae
956 950 1103 1016 libertatis
1116 953 1223 1031 mtsla,

185 1048 269 1132 aputl
283 1052 413 1114 alterum
428 1060 510 1114 sarta
525 1060 608 1116 tecta
623 1061 693 1116 sunt
705 1055 773 1136 jura
788 1055 919 1134 privata3
941 1055 1022 1135 apud
1036 1055 1093 1118 bos
1109 1063 1222 1118 tantum

185 1155 330 1236 populos,
346 1155 398 1234 qui
414 1173 450 1216 re
463 1172 542 1220 vera
557 1159 607 1216 aui
619 1157 701 1225 luris
717 1173 789 1219 esse
805 1158 924 1221 dicendi
940 1166 1021 1236 sunt,
1039 1159 1159 1240 publica
1174 1166 1224 1223 est

186 1259 324 1335 libertas,
339 1275 418 1338 quoe
433 1259 552 1322 nonnisi
568 1261 681 1340 optimc
698 1262 859 1335 constituta
875 1271 907 1325 et
923 1261 1092 1344 prudenter
1103 1264 1223 1346 guber·

185 1369 257 1426 aaa
273 1363 430 1443 republica
446 1371 589 1426 servatur
605 1371 696 1444 atquc
712 1365 858 1429 firmatur.

202 1507 205 1514 ·
255 1464 292 1541 d)
315 1463 416 1549 blagni
444 1466 575 1549 deniqne
606 1470 761 1530 momenti·
781 1478 851 1533 sunt
876 1471 1004 1534 deornm
1026 1470 1222 1534 colendorum

184 1571 267 1633 ratio
290 1571 371 1652 apud
393 1572 536 1653 populum
561 1572 690 1653 aliquem
714 1575 838 1652 usitata,
853 1575 1035 1638 litterarum
1054 1576 1223 1654 artiumque

187 1674 357 1738 liberalium
380 1676 496 1753 studia,
529 1676 660 1758 denique
689 1679 826 1759 inprimis
857 1696 975 1742 morum
1004 1685 1057 1741 aut
1085 1677 1223 1740 ferorum

182 1781 415 1862 agrestiumque
440 1786 492 1842 aut
511 1779 661 1861 politioris
683 1782 875 1846 humanitatis
893 1784 942 1845 vis
963 1789 1055 1864 atque
1074 1788 1221 1864 potestas.

217 1909 219 1916 ,
255 1883 308 1946 ⁵3.
336 1883 402 1946 Jam
425 1885 465 1946 dc
489 1884 642 1962 rationali,
666 1886 747 1966 quod
770 1887 1004 1967 appellavimus,
1026 1887 1123 1950 omnis
1142 1886 1222 1968 juris

185 1989 390 2060 momumento
406 1987 617 2052 disserendum
633 1996 690 2067 est,
714 1990 732 2052 i
749 2009 776 2052 e.
793 1989 833 2051 de
848 1991 1023 2052 necessaria
1038 2007 1144 2052 rerum
1158 1990 1221 2052 bu·

183 2109 344 2155 manarum
360 2090 617 2174 dijudicandamm
630 2093 749 2156 ratione
765 2111 804 2157 eo
818 2094 946 2157 consilio
960 2093 1157 2171 instituenda,
1175 2101 1220 2170 nt,

186 2195 265 2276 quid·
282 2196 313 2258 in
331 2197 391 2260 illis
405 2215 463 2279 pro
475 2199 558 2278 justo
574 2198 613 2260 sit
628 2197 816 2276 babendum,
842 2197 861 2259 i.
876 2215 904 2261 e.
919 2197 958 2259 de
974 2213 1030 2275 eo,
1049 2196 1221 2279 quodjuris

184 2299 287 2363 situel
302 2317 372 2364 esse
387 2300 509 2377 debeat,
526 2317 756 2383 cognoscamus.
773 2299 915 2364 mounes
928 2308 1029 2364 sotem
1043 2300 1096 2363 illa
1112 2299 1222 2382 privati

184 2409 222 2464 et
235 2403 346 2484 publici
361 2411 393 2466 et
406 2403 646 2468 internationslis
658 2407 736 2487 juris
751 2414 915 2487 praecepta
930 2410 975 2480 (ς
987 2403 1056 2482 48),
1072 2419 1109 2466 ac
1124 2404 1221 2485 posita

188 2508 292 2568 estin
315 2508 555 2590 contemplandis
582 2516 614 2570 et
639 2507 837 2590 dijudicandis
859 2516 1006 2588 rectoque
1029 2505 1222 2570 aestimandis

187 2611 288 2674 tm'bus
303 2610 363 2674 illis
371 2613 540 2690 momentis,
557 2613 588 2674 in
598 2613 678 2675 omni
687 2611 792 2674 sociali
800 2611 1026 2674 necessitudine
1035 2609 1222 2692 conspicuis,

188 2716 207 2776 i
224 2733 251 2777 e.
267 2732 466 2796 personarum
483 2723 515 2779 et
529 2733 633 2780 rerum
650 2725 682 2779 et
696 2717 855 2779 laetorum.
875 2719 924 2789 (s.
939 2713 1011 2788 49.)

255 2818 276 2881 l
300 2819 387 2892 Quod
410 2821 538 2902 primum
558 2821 596 2884 ad
616 2836 764 2902 personas
780 2819 902 2898 attinet,
922 2815 1114 2882 statuendum
1130 2825 1179 2880 est
1191 2825 1224 2881 et

184 2925 256 3007 lose
272 2924 411 3006 cujusvis
425 2925 528 3006 populi
543 2925 695 3002 statuitur,
1147 2954 1149 2957 ·

257 3032 294 3102 a)
316 3045 464 3109 quaenam
487 3046 590 3093 earum
610 3028 689 3110 juris
712 3028 773 3090 sint
794 3041 923 3107 capaces
945 3023 1121 3104 habendae,
1145 3043 1223 3107 quae

189 3131 314 3194 diuersa
329 3133 370 3195 sit
384 3132 534 3195 bominum
550 3133 580 3194 ln
592 3135 664 3214 jura
680 3130 813 3195 conditio
833 3138 866 3192 et
885 3146 965 3209 quas
981 3131 1053 3210 jura
1068 3137 1148 3194 stam
1164 3147 1222 3193 eo·

189 3253 258 3298 rum
274 3235 505 3298 contineantur?
528 3235 719 3299 Deliniuntur
733 3234 826 3297 certis
840 3232 1015 3313 quibusdam
1034 3234 1113 3315 juris
1127 3251 1224 3315 prae-

191 3340 290 3420 ceptis
306 3347 338 3402 et
351 3341 470 3420 privata
486 3338 665 3421 publicaque
682 3337 792 3401 civium
808 3337 943 3413 libertas,
959 3335 1152 3400 diversorum
1166 3355 1223 3400 or-

191 3444 291 3507 dinum
304 3443 376 3525 Jura
392 3461 430 3506 ac
443 3443 620 3527 privilegia,
644 3459 757 3506 marum
774 3440 1028 3521 feminarumque,
1049 3449 1148 3505 aetate
1163 3443 1223 3506 mi·

190 3565 300 3612 norum
314 3547 365 3610 vel
380 3548 552 3611 adultorum
567 3549 599 3610 in
610 3551 684 3630 jure
700 3546 901 3610 differentiae.

258 3651 292 3714 ll.
326 3649 524 3714 Inveniuntur
551 3651 582 3714 in
607 3650 738 3714 omnium
762 3649 940 3733 populorum
963 3649 1036 3730 jura
1058 3658 1224 3731 praecepta

190 3753 341 3836 quaedam
364 3753 404 3817 lle
421 3773 529 3816 reum
552 3755 749 3820 divisionibus
773 3762 804 3816 et
827 3751 1015 3833 acquirendo
1039 3771 1143 3816 earum
1165 3753 1224 3817 ‹lo-

191 3858 292 3922 minlo.
318 3857 466 3926 Definitur
481 3859 588 3923 iisdem
604 3861 651 3923 vis
668 3868 698 3921 et
712 3868 820 3921 natura
835 3855 967 3932 dominii,
983 3857 1052 3937 ejus
1067 3856 1225 3936 acquisitio

191 3963 374 4026 abalienatio
390 3971 442 4026 aut
455 3963 579 4027 minutio
594 3964 633 4026 ob
644 3964 718 4045 jura
732 3962 799 4024 aliis
815 3958 955 4041 personis
968 3959 1100 4023 iurebus
1112 3963 1225 4027 nostris

191 4067 360 4130 commissa.

258 4169 398 4250 Denique
408 4167 505 4250 ipsius
520 4167 684 4252 populisel
698 4166 910 4251 imperantium
924 4166 956 4229 in
969 4169 1224 4236 territoriisolnra
