<?xml version="1.0" encoding="UTF-8"?>
<!DOCTYPE html PUBLIC "-//W3C//DTD XHTML 1.0 Transitional//EN"
    "http://www.w3.org/TR/xhtml1/DTD/xhtml1-transitional.dtd">
<html xmlns="http://www.w3.org/1999/xhtml" xml:lang="en" lang="en">
 <head>
  <title>
</title>
<meta http-equiv="Content-Type" content="text/html;charset=utf-8" />
  <meta name='ocr-system' content='tesseract 3.04.00' />
  <meta name='ocr-capabilities' content='ocr_page ocr_carea ocr_par ocr_line ocrx_word'/>
</head>
<body>
  <div class='ocr_page' id='page_1' title='image "./philosophiaejur00warngoog_0178.png"; bbox 0 0 3109 5292; ppageno 0'>
   <div class='ocr_carea' id='block_1_1' title="bbox 677 539 770 606">
    <p class='ocr_par' dir='ltr' id='par_1_1' title="bbox 677 539 770 606">
     <span class='ocr_line' id='line_1_1' title="bbox 677 539 770 606; baseline -0.022 0"><span class='ocrx_word' id='word_1_1' title='bbox 677 539 770 606; x_wconf 38' lang='lat' dir='ltr'><strong>tet&lt;</strong></span> 
     </span>
    </p>
   </div>
   <div class='ocr_carea' id='block_1_2' title="bbox 182 719 1233 4047">
    <p class='ocr_par' dir='ltr' id='par_1_2' title="bbox 188 719 1233 1324">
     <span class='ocr_line' id='line_1_2' title="bbox 190 719 1233 812; baseline 0.011 -30"><span class='ocrx_word' id='word_1_2' title='bbox 190 720 484 792; x_wconf 63' lang='lat' dir='ltr'><strong>clementiorem</strong></span> <span class='ocrx_word' id='word_1_3' title='bbox 499 719 700 802; x_wconf 67' lang='lat' dir='ltr'><strong>municipibus</strong></span> <span class='ocrx_word' id='word_1_4' title='bbox 710 720 891 788; x_wconf 80' lang='lat' dir='ltr'><strong>electorum.</strong></span> <span class='ocrx_word' id='word_1_5' title='bbox 912 720 947 786; x_wconf 90' lang='lat' dir='ltr'><strong>ln</strong></span> <span class='ocrx_word' id='word_1_6' title='bbox 963 723 1233 812; x_wconf 78' lang='lat' dir='ltr'><strong>alteriusgeneris</strong></span> 
     </span>
     <span class='ocr_line' id='line_1_3' title="bbox 188 823 1231 913; baseline 0.014 -29"><span class='ocrx_word' id='word_1_7' title='bbox 188 823 292 886; x_wconf 81' lang='lat' dir='ltr'><strong>mixtis</strong></span> <span class='ocrx_word' id='word_1_8' title='bbox 304 823 530 905; x_wconf 86' lang='lat' dir='ltr'><strong>rebuspublicis</strong></span> <span class='ocrx_word' id='word_1_9' title='bbox 544 825 651 908; x_wconf 71' lang='lat' dir='ltr'><strong>legum</strong></span> <span class='ocrx_word' id='word_1_10' title='bbox 666 826 862 892; x_wconf 87' lang='lat' dir='ltr'><strong>ferendarum</strong></span> <span class='ocrx_word' id='word_1_11' title='bbox 875 836 907 892; x_wconf 85' lang='lat' dir='ltr'><strong>et</strong></span> <span class='ocrx_word' id='word_1_12' title='bbox 919 829 1074 894; x_wconf 84' lang='lat' dir='ltr'><strong>universis</strong></span> <span class='ocrx_word' id='word_1_13' title='bbox 1085 833 1231 913; x_wconf 81' lang='lat' dir='ltr'><strong>pecunias</strong></span> 
     </span>
     <span class='ocr_line' id='line_1_4' title="bbox 189 927 1230 1012; baseline 0.01 -22"><span class='ocrx_word' id='word_1_14' title='bbox 189 927 356 1010; x_wconf 72' lang='lat' dir='ltr'><strong>imperandi</strong></span> <span class='ocrx_word' id='word_1_15' title='bbox 383 935 521 1010; x_wconf 87' lang='lat' dir='ltr'><strong>potestas</strong></span> <span class='ocrx_word' id='word_1_16' title='bbox 543 946 605 992; x_wconf 90' lang='lat' dir='ltr'><strong>non</strong></span> <span class='ocrx_word' id='word_1_17' title='bbox 627 931 685 994; x_wconf 90' lang='lat' dir='ltr'><strong>nisi</strong></span> <span class='ocrx_word' id='word_1_18' title='bbox 708 949 862 996; x_wconf 86' lang='lat' dir='ltr'><strong>consensu</strong></span> <span class='ocrx_word' id='word_1_19' title='bbox 888 937 1100 1012; x_wconf 80' lang='lat' dir='ltr'><strong>datepotorum</strong></span> <span class='ocrx_word' id='word_1_20' title='bbox 1115 955 1142 998; x_wconf 32' lang='lat' dir='ltr'><strong>&#39;a</strong></span> <span class='ocrx_word' id='word_1_21' title='bbox 1166 944 1230 1000; x_wconf 90' lang='lat' dir='ltr'><strong>toto</strong></span> 
     </span>
     <span class='ocr_line' id='line_1_5' title="bbox 188 1032 1230 1122; baseline 0.009 -26"><span class='ocrx_word' id='word_1_22' title='bbox 188 1032 305 1114; x_wconf 84' lang='lat' dir='ltr'><strong>populo</strong></span> <span class='ocrx_word' id='word_1_23' title='bbox 320 1032 489 1096; x_wconf 85' lang='lat' dir='ltr'><strong>secundum</strong></span> <span class='ocrx_word' id='word_1_24' title='bbox 503 1034 652 1116; x_wconf 73' lang='lat' dir='ltr'>regiones</span> <span class='ocrx_word' id='word_1_25' title='bbox 666 1043 718 1098; x_wconf 82' lang='lat' dir='ltr'><strong>aut</strong></span> <span class='ocrx_word' id='word_1_26' title='bbox 731 1036 792 1100; x_wconf 88' lang='lat' dir='ltr'><strong>alio</strong></span> <span class='ocrx_word' id='word_1_27' title='bbox 808 1037 898 1102; x_wconf 89' lang='lat' dir='ltr'><strong>modo</strong></span> <span class='ocrx_word' id='word_1_28' title='bbox 915 1048 1105 1122; x_wconf 78' lang='lat' dir='ltr'><strong>congregato</strong></span> <span class='ocrx_word' id='word_1_29' title='bbox 1121 1040 1230 1104; x_wconf 86' lang='lat' dir='ltr'><strong>delec-</strong></span> 
     </span>
     <span class='ocr_line' id='line_1_6' title="bbox 188 1138 1230 1219; baseline 0.008 -19"><span class='ocrx_word' id='word_1_30' title='bbox 188 1144 291 1201; x_wconf 85' lang='lat' dir='ltr'><strong>torum</strong></span> <span class='ocrx_word' id='word_1_31' title='bbox 312 1138 456 1205; x_wconf 78' lang='lat' dir='ltr'><strong>exerceri</strong></span> <span class='ocrx_word' id='word_1_32' title='bbox 475 1146 590 1219; x_wconf 88' lang='lat' dir='ltr'><strong>potest,</strong></span> <span class='ocrx_word' id='word_1_33' title='bbox 613 1146 729 1210; x_wconf 88' lang='lat' dir='ltr'><strong>utnon</strong></span> <span class='ocrx_word' id='word_1_34' title='bbox 749 1157 822 1204; x_wconf 77' lang='lat' dir='ltr'><strong>rano</strong></span> <span class='ocrx_word' id='word_1_35' title='bbox 844 1159 1005 1208; x_wconf 86' lang='lat' dir='ltr'><strong>commune</strong></span> <span class='ocrx_word' id='word_1_36' title='bbox 1022 1151 1057 1206; x_wconf 87' lang='lat' dir='ltr'><strong>et</strong></span> <span class='ocrx_word' id='word_1_37' title='bbox 1070 1144 1230 1214; x_wconf 81' lang='lat' dir='ltr'><strong>indivisum</strong></span> 
     </span>
     <span class='ocr_line' id='line_1_7' title="bbox 190 1241 1199 1324; baseline 0.008 -21"><span class='ocrx_word' id='word_1_38' title='bbox 190 1241 277 1324; x_wconf 72' lang='lat' dir='ltr'><strong>regis</strong></span> <span class='ocrx_word' id='word_1_39' title='bbox 294 1249 326 1304; x_wconf 87' lang='lat' dir='ltr'><strong>et</strong></span> <span class='ocrx_word' id='word_1_40' title='bbox 340 1241 438 1324; x_wconf 85' lang='lat' dir='ltr'><strong>ipsius</strong></span> <span class='ocrx_word' id='word_1_41' title='bbox 453 1242 558 1324; x_wconf 87' lang='lat' dir='ltr'><strong>populi</strong></span> <span class='ocrx_word' id='word_1_42' title='bbox 571 1243 731 1324; x_wconf 87' lang='lat' dir='ltr'><strong>imperium</strong></span> <span class='ocrx_word' id='word_1_43' title='bbox 747 1262 819 1308; x_wconf 89' lang='lat' dir='ltr'><strong>esse</strong></span> <span class='ocrx_word' id='word_1_44' title='bbox 835 1246 986 1313; x_wconf 88' lang='lat' dir='ltr'><strong>videatur.</strong></span> <span class='ocrx_word' id='word_1_45' title='bbox 1198 1315 1199 1320; x_wconf 56' lang='grc'>,</span> 
     </span>
    </p>

    <p class='ocr_par' dir='ltr' id='par_1_3' title="bbox 186 1343 1232 2476">
     <span class='ocr_line' id='line_1_8' title="bbox 257 1343 1231 1435; baseline 0.009 -27"><span class='ocrx_word' id='word_1_46' title='bbox 257 1343 348 1416; x_wconf 81' lang='lat' dir='ltr'><strong>Quod</strong></span> <span class='ocrx_word' id='word_1_47' title='bbox 363 1346 402 1411; x_wconf 83' lang='lat' dir='ltr'><strong>ad</strong></span> <span class='ocrx_word' id='word_1_48' title='bbox 416 1365 511 1428; x_wconf 85' lang='lat' dir='ltr'><strong>puras</strong></span> <span class='ocrx_word' id='word_1_49' title='bbox 524 1347 592 1410; x_wconf 87' lang='lat' dir='ltr'><strong>illas</strong></span> <span class='ocrx_word' id='word_1_50' title='bbox 607 1347 763 1422; x_wconf 81' lang='lat' dir='ltr'><strong>ciuitatum</strong></span> <span class='ocrx_word' id='word_1_51' title='bbox 779 1348 899 1417; x_wconf 72' lang='lat' dir='ltr'><strong>formas,</strong></span> <span class='ocrx_word' id='word_1_52' title='bbox 908 1353 1024 1432; x_wconf 85' lang='lat' dir='ltr'><strong>attinet,</strong></span> <span class='ocrx_word' id='word_1_53' title='bbox 1039 1361 1182 1435; x_wconf 77' lang='lat' dir='ltr'><strong>superest</strong></span> <span class='ocrx_word' id='word_1_54' title='bbox 1196 1361 1231 1422; x_wconf 89' lang='lat' dir='ltr'><strong>ut</strong></span> 
     </span>
     <span class='ocr_line' id='line_1_9' title="bbox 188 1450 1229 1536; baseline 0.006 -22"><span class='ocrx_word' id='word_1_55' title='bbox 188 1467 382 1529; x_wconf 84' lang='lat' dir='ltr'><strong>moneamus,</strong></span> <span class='ocrx_word' id='word_1_56' title='bbox 404 1469 423 1512; x_wconf 87' lang='lat' dir='ltr'><strong>a</strong></span> <span class='ocrx_word' id='word_1_57' title='bbox 442 1450 574 1532; x_wconf 76' lang='lat' dir='ltr'><strong>politicis</strong></span> <span class='ocrx_word' id='word_1_58' title='bbox 589 1451 790 1533; x_wconf 72' lang='lat' dir='ltr'><strong>scriptoribus</strong></span> <span class='ocrx_word' id='word_1_59' title='bbox 805 1454 894 1519; x_wconf 88' lang='lat' dir='ltr'><strong>hodic</strong></span> <span class='ocrx_word' id='word_1_60' title='bbox 913 1457 1140 1536; x_wconf 84' lang='lat' dir='ltr'><strong>monarchiens,</strong></span> <span class='ocrx_word' id='word_1_61' title='bbox 1161 1457 1229 1520; x_wconf 80' lang='lat' dir='ltr'><strong>ari-</strong></span> 
     </span>
     <span class='ocr_line' id='line_1_10' title="bbox 188 1555 1230 1643; baseline 0.01 -26"><span class='ocrx_word' id='word_1_62' title='bbox 188 1557 370 1621; x_wconf 87' lang='lat' dir='ltr'><strong>stocraticas</strong></span> <span class='ocrx_word' id='word_1_63' title='bbox 386 1564 417 1619; x_wconf 90' lang='lat' dir='ltr'><strong>et</strong></span> <span class='ocrx_word' id='word_1_64' title='bbox 429 1555 905 1626; x_wconf 78' lang='lat' dir='ltr'><strong>democratioaseoestitutionea</strong></span> <span class='ocrx_word' id='word_1_65' title='bbox 919 1579 937 1624; x_wconf 91' lang='lat' dir='ltr'><strong>a</strong></span> <span class='ocrx_word' id='word_1_66' title='bbox 952 1561 1098 1626; x_wconf 82' lang='lat' dir='ltr'><strong>similibus</strong></span> <span class='ocrx_word' id='word_1_67' title='bbox 1113 1580 1230 1643; x_wconf 88' lang='lat' dir='ltr'><strong>respu-</strong></span> 
     </span>
     <span class='ocr_line' id='line_1_11' title="bbox 188 1660 1229 1749; baseline 0.008 -27"><span class='ocrx_word' id='word_1_68' title='bbox 188 1660 500 1744; x_wconf 74' lang='lat' dir='ltr'><strong>blicasguberuandi</strong></span> <span class='ocrx_word' id='word_1_69' title='bbox 522 1661 620 1742; x_wconf 85' lang='lat' dir='ltr'><strong>modis</strong></span> <span class='ocrx_word' id='word_1_70' title='bbox 646 1664 695 1722; x_wconf 86' lang='lat' dir='ltr'><strong>oet</strong></span> <span class='ocrx_word' id='word_1_71' title='bbox 715 1664 922 1736; x_wconf 76' lang='lat' dir='ltr'><strong>sepiminibns</strong></span> <span class='ocrx_word' id='word_1_72' title='bbox 945 1664 1088 1749; x_wconf 75' lang='lat' dir='ltr'><strong>distingui</strong></span> <span class='ocrx_word' id='word_1_73' title='bbox 1112 1667 1229 1743; x_wconf 86' lang='lat' dir='ltr'><strong>sotere;</strong></span> 
     </span>
     <span class='ocr_line' id='line_1_12' title="bbox 187 1765 1232 1853; baseline 0.009 -26"><span class='ocrx_word' id='word_1_74' title='bbox 187 1772 290 1846; x_wconf 85' lang='lat' dir='ltr'><strong>potest</strong></span> <span class='ocrx_word' id='word_1_75' title='bbox 297 1765 432 1843; x_wconf 31' lang='lat' dir='ltr'><strong>enim,&lt;ut</strong></span> <span class='ocrx_word' id='word_1_76' title='bbox 446 1784 529 1832; x_wconf 89' lang='lat' dir='ltr'><strong>nunc</strong></span> <span class='ocrx_word' id='word_1_77' title='bbox 543 1766 574 1828; x_wconf 91' lang='lat' dir='ltr'><strong>in</strong></span> <span class='ocrx_word' id='word_1_78' title='bbox 589 1783 689 1848; x_wconf 77' lang='lat' dir='ltr'><strong>reguo</strong></span> <span class='ocrx_word' id='word_1_79' title='bbox 698 1765 826 1850; x_wconf 80' lang='lat' dir='ltr'><strong>Belgicc</strong></span> <span class='ocrx_word' id='word_1_80' title='bbox 841 1785 985 1850; x_wconf 85' lang='lat' dir='ltr'><strong>suprema</strong></span> <span class='ocrx_word' id='word_1_81' title='bbox 999 1778 1133 1852; x_wconf 88' lang='lat' dir='ltr'><strong>potestas</strong></span> <span class='ocrx_word' id='word_1_82' title='bbox 1149 1771 1232 1853; x_wconf 86' lang='lat' dir='ltr'><strong>apud</strong></span> 
     </span>
     <span class='ocr_line' id='line_1_13' title="bbox 186 1869 1230 1958; baseline 0.01 -27"><span class='ocrx_word' id='word_1_83' title='bbox 186 1869 342 1951; x_wconf 87' lang='lat' dir='ltr'><strong>populum,</strong></span> <span class='ocrx_word' id='word_1_84' title='bbox 356 1870 496 1952; x_wconf 76' lang='lat' dir='ltr'><strong>reginmn</strong></span> <span class='ocrx_word' id='word_1_85' title='bbox 512 1870 642 1932; x_wconf 88' lang='lat' dir='ltr'><strong>ciuitatis</strong></span> <span class='ocrx_word' id='word_1_86' title='bbox 655 1887 732 1934; x_wconf 81' lang='lat' dir='ltr'><strong>vero</strong></span> <span class='ocrx_word' id='word_1_87' title='bbox 744 1872 829 1954; x_wconf 78' lang='lat' dir='ltr'><strong>regis</strong></span> <span class='ocrx_word' id='word_1_88' title='bbox 844 1873 895 1936; x_wconf 93' lang='lat' dir='ltr'><strong>vel</strong></span> <span class='ocrx_word' id='word_1_89' title='bbox 908 1875 1057 1958; x_wconf 84' lang='lat' dir='ltr'><strong>principis</strong></span> <span class='ocrx_word' id='word_1_90' title='bbox 1073 1893 1158 1952; x_wconf 88' lang='lat' dir='ltr'><strong>esse;</strong></span> <span class='ocrx_word' id='word_1_91' title='bbox 1178 1885 1230 1941; x_wconf 90' lang='lat' dir='ltr'><strong>aut</strong></span> 
     </span>
     <span class='ocr_line' id='line_1_14' title="bbox 187 1975 1229 2062; baseline 0.004 -24"><span class='ocrx_word' id='word_1_92' title='bbox 187 1976 332 2056; x_wconf 86' lang='lat' dir='ltr'><strong>princeps</strong></span> <span class='ocrx_word' id='word_1_93' title='bbox 342 1976 460 2039; x_wconf 80' lang='lat' dir='ltr'><strong>velrex</strong></span> <span class='ocrx_word' id='word_1_94' title='bbox 470 1975 750 2040; x_wconf 86' lang='lat' dir='ltr'><strong>civitatisdomious</strong></span> <span class='ocrx_word' id='word_1_95' title='bbox 760 1977 921 2056; x_wconf 63' lang='lat' dir='ltr'><strong>essedum</strong></span> <span class='ocrx_word' id='word_1_96' title='bbox 931 1979 1117 2062; x_wconf 86' lang='lat' dir='ltr'><strong>reipublicae</strong></span> <span class='ocrx_word' id='word_1_97' title='bbox 1129 1979 1229 2044; x_wconf 87' lang='lat' dir='ltr'><strong>admi-</strong></span> 
     </span>
     <span class='ocr_line' id='line_1_15' title="bbox 186 2080 1228 2168; baseline 0.005 -25"><span class='ocrx_word' id='word_1_98' title='bbox 186 2081 325 2147; x_wconf 82' lang='lat' dir='ltr'><strong>nistratio</strong></span> <span class='ocrx_word' id='word_1_99' title='bbox 347 2081 399 2145; x_wconf 82' lang='lat' dir='ltr'><strong>vel</strong></span> <span class='ocrx_word' id='word_1_100' title='bbox 416 2080 533 2163; x_wconf 85' lang='lat' dir='ltr'><strong>judicia</strong></span> <span class='ocrx_word' id='word_1_101' title='bbox 556 2089 610 2143; x_wconf 90' lang='lat' dir='ltr'><strong>aut</strong></span> <span class='ocrx_word' id='word_1_102' title='bbox 631 2081 824 2163; x_wconf 69' lang='lat' dir='ltr'><strong>optimatibus</strong></span> <span class='ocrx_word' id='word_1_103' title='bbox 845 2091 898 2146; x_wconf 88' lang='lat' dir='ltr'><strong>aut</strong></span> <span class='ocrx_word' id='word_1_104' title='bbox 916 2083 1047 2168; x_wconf 85' lang='lat' dir='ltr'><strong>plebcjis</strong></span> <span class='ocrx_word' id='word_1_105' title='bbox 1064 2085 1228 2168; x_wconf 79' lang='lat' dir='ltr'><strong>magistra-</strong></span> 
     </span>
     <span class='ocr_line' id='line_1_16' title="bbox 187 2184 1229 2272; baseline 0.008 -26"><span class='ocrx_word' id='word_1_106' title='bbox 187 2185 268 2249; x_wconf 89' lang='lat' dir='ltr'><strong>tibus</strong></span> <span class='ocrx_word' id='word_1_107' title='bbox 284 2186 446 2251; x_wconf 88' lang='lat' dir='ltr'><strong>commissa</strong></span> <span class='ocrx_word' id='word_1_108' title='bbox 461 2193 540 2250; x_wconf 85' lang='lat' dir='ltr'><strong>sunt</strong></span> <span class='ocrx_word' id='word_1_109' title='bbox 571 2184 631 2250; x_wconf 87' lang='lat' dir='ltr'><strong>Sed</strong></span> <span class='ocrx_word' id='word_1_110' title='bbox 651 2203 745 2266; x_wconf 85' lang='lat' dir='ltr'><strong>saepe</strong></span> <span class='ocrx_word' id='word_1_111' title='bbox 765 2186 819 2248; x_wconf 88' lang='lat' dir='ltr'><strong>vix</strong></span> <span class='ocrx_word' id='word_1_112' title='bbox 841 2187 1016 2251; x_wconf 89' lang='lat' dir='ltr'><strong>dicendum:</strong></span> <span class='ocrx_word' id='word_1_113' title='bbox 1040 2196 1142 2254; x_wconf 90' lang='lat' dir='ltr'><strong>utrum</strong></span> <span class='ocrx_word' id='word_1_114' title='bbox 1163 2189 1229 2272; x_wconf 86' lang='lat' dir='ltr'><strong>ipsa</strong></span> 
     </span>
     <span class='ocr_line' id='line_1_17' title="bbox 186 2290 1228 2373; baseline 0.004 -21"><span class='ocrx_word' id='word_1_115' title='bbox 186 2290 375 2371; x_wconf 88' lang='lat' dir='ltr'><strong>reipublicae</strong></span> <span class='ocrx_word' id='word_1_116' title='bbox 396 2290 571 2356; x_wconf 86' lang='lat' dir='ltr'><strong>constitutio</strong></span> <span class='ocrx_word' id='word_1_117' title='bbox 588 2307 628 2352; x_wconf 90' lang='lat' dir='ltr'><strong>an</strong></span> <span class='ocrx_word' id='word_1_118' title='bbox 645 2291 785 2373; x_wconf 82' lang='lat' dir='ltr'><strong>regimen</strong></span> <span class='ocrx_word' id='word_1_119' title='bbox 800 2291 831 2354; x_wconf 93' lang='lat' dir='ltr'><strong>in</strong></span> <span class='ocrx_word' id='word_1_120' title='bbox 846 2291 1070 2358; x_wconf 74' lang='lat' dir='ltr'><strong>coordinatus</strong></span> <span class='ocrx_word' id='word_1_121' title='bbox 1085 2292 1164 2357; x_wconf 91' lang='lat' dir='ltr'><strong>hanc</strong></span> <span class='ocrx_word' id='word_1_122' title='bbox 1177 2293 1228 2356; x_wconf 85' lang='lat' dir='ltr'><strong>vel</strong></span> 
     </span>
     <span class='ocr_line' id='line_1_18' title="bbox 186 2395 859 2476; baseline -0.003 -18"><span class='ocrx_word' id='word_1_123' title='bbox 186 2395 314 2458; x_wconf 83' lang='lat' dir='ltr'><strong>alteram</strong></span> <span class='ocrx_word' id='word_1_124' title='bbox 328 2395 440 2459; x_wconf 87' lang='lat' dir='ltr'><strong>babeat</strong></span> <span class='ocrx_word' id='word_1_125' title='bbox 454 2396 587 2462; x_wconf 75' lang='lat' dir='ltr'><strong>indolem</strong></span> <span class='ocrx_word' id='word_1_126' title='bbox 602 2402 694 2476; x_wconf 62' lang='lat' dir='ltr'><strong>amna</strong></span> <span class='ocrx_word' id='word_1_127' title='bbox 711 2403 859 2459; x_wconf 86' lang='lat' dir='ltr'><strong>naturam.</strong></span> 
     </span>
    </p>

    <p class='ocr_par' dir='ltr' id='par_1_4' title="bbox 182 2498 1226 4047">
     <span class='ocr_line' id='line_1_19' title="bbox 254 2498 1226 2581; baseline 0.001 -19"><span class='ocrx_word' id='word_1_128' title='bbox 254 2498 326 2564; x_wconf 83' lang='lat'><strong>139.</strong></span> <span class='ocrx_word' id='word_1_129' title='bbox 348 2501 514 2564; x_wconf 75' lang='lat' dir='ltr'><strong>Doctrinae</strong></span> <span class='ocrx_word' id='word_1_130' title='bbox 537 2507 660 2563; x_wconf 75' lang='lat' dir='ltr'><strong>nostine</strong></span> <span class='ocrx_word' id='word_1_131' title='bbox 683 2499 874 2581; x_wconf 86' lang='lat' dir='ltr'><strong>propositum</strong></span> <span class='ocrx_word' id='word_1_132' title='bbox 891 2517 950 2562; x_wconf 90' lang='lat' dir='ltr'><strong>non</strong></span> <span class='ocrx_word' id='word_1_133' title='bbox 967 2508 1014 2563; x_wconf 88' lang='lat' dir='ltr'><strong>est</strong></span> <span class='ocrx_word' id='word_1_134' title='bbox 1037 2502 1226 2571; x_wconf 75' lang='lat' dir='ltr'><strong>examinare:</strong></span> 
     </span>
     <span class='ocr_line' id='line_1_20' title="bbox 186 2603 1226 2688; baseline 0.001 -20"><span class='ocrx_word' id='word_1_135' title='bbox 186 2604 389 2688; x_wconf 82' lang='lat' dir='ltr'><strong>quodnamex</strong></span> <span class='ocrx_word' id='word_1_136' title='bbox 402 2607 496 2670; x_wconf 71' lang='lat' dir='ltr'><strong>varim</strong></span> <span class='ocrx_word' id='word_1_137' title='bbox 509 2605 597 2668; x_wconf 81' lang='lat' dir='ltr'><strong>bisce</strong></span> <span class='ocrx_word' id='word_1_138' title='bbox 611 2603 801 2686; x_wconf 88' lang='lat' dir='ltr'><strong>reipublicae</strong></span> <span class='ocrx_word' id='word_1_139' title='bbox 818 2604 986 2686; x_wconf 76' lang='lat' dir='ltr'><strong>generibus</strong></span> <span class='ocrx_word' id='word_1_140' title='bbox 1002 2605 1141 2687; x_wconf 79' lang='lat' dir='ltr'><strong>inprimis</strong></span> <span class='ocrx_word' id='word_1_141' title='bbox 1157 2622 1226 2669; x_wconf 86' lang='lat' dir='ltr'><strong>ma·</strong></span> 
     </span>
     <span class='ocr_line' id='line_1_21' title="bbox 185 2709 1226 2792; baseline -0.002 -18"><span class='ocrx_word' id='word_1_142' title='bbox 185 2711 269 2774; x_wconf 72' lang='lat' dir='ltr'><strong>sium</strong></span> <span class='ocrx_word' id='word_1_143' title='bbox 292 2710 482 2792; x_wconf 87' lang='lat' dir='ltr'><strong>probandum</strong></span> <span class='ocrx_word' id='word_1_144' title='bbox 505 2718 557 2773; x_wconf 89' lang='lat' dir='ltr'><strong>aut</strong></span> <span class='ocrx_word' id='word_1_145' title='bbox 576 2709 660 2791; x_wconf 86' lang='lat' dir='ltr'><strong>quod</strong></span> <span class='ocrx_word' id='word_1_146' title='bbox 679 2710 806 2792; x_wconf 81' lang='lat' dir='ltr'><strong>reliquis</strong></span> <span class='ocrx_word' id='word_1_147' title='bbox 827 2711 1070 2792; x_wconf 86' lang='lat' dir='ltr'><strong>anteponendum</strong></span> <span class='ocrx_word' id='word_1_148' title='bbox 1082 2711 1130 2776; x_wconf 80' lang='lat' dir='ltr'><strong>sit</strong></span> <span class='ocrx_word' id='word_1_149' title='bbox 1136 2731 1146 2788; x_wconf 84' lang='lat'>3</span> <span class='ocrx_word' id='word_1_150' title='bbox 1170 2709 1226 2776; x_wconf 87' lang='lat' dir='ltr'><strong>sed</strong></span> 
     </span>
     <span class='ocr_line' id='line_1_22' title="bbox 186 2813 1226 2899; baseline -0.002 -19"><span class='ocrx_word' id='word_1_151' title='bbox 186 2836 249 2880; x_wconf 89' lang='lat' dir='ltr'><strong>nou</strong></span> <span class='ocrx_word' id='word_1_152' title='bbox 264 2819 499 2899; x_wconf 87' lang='lat' dir='ltr'><strong>inopportunum</strong></span> <span class='ocrx_word' id='word_1_153' title='bbox 514 2815 636 2880; x_wconf 81' lang='lat' dir='ltr'><strong>videtur</strong></span> <span class='ocrx_word' id='word_1_154' title='bbox 649 2813 807 2879; x_wconf 78' lang='lat' dir='ltr'><strong>Ciceronis</strong></span> <span class='ocrx_word' id='word_1_155' title='bbox 819 2815 905 2881; x_wconf 83' lang='lat' dir='ltr'><strong>eade</strong></span> <span class='ocrx_word' id='word_1_156' title='bbox 921 2834 956 2878; x_wconf 90' lang='lat' dir='ltr'><strong>re</strong></span> <span class='ocrx_word' id='word_1_157' title='bbox 972 2817 1153 2880; x_wconf 84' lang='lat' dir='ltr'><strong>seutentiam</strong></span> <span class='ocrx_word' id='word_1_158' title='bbox 1167 2815 1226 2880; x_wconf 83' lang='lat' dir='ltr'><strong>boc</strong></span> 
     </span>
     <span class='ocr_line' id='line_1_23' title="bbox 185 2902 1225 3003; baseline -0.002 -18"><span class='ocrx_word' id='word_1_159' title='bbox 185 2924 257 2987; x_wconf 87' lang='lat' dir='ltr'><strong>loco</strong></span> <span class='ocrx_word' id='word_1_160' title='bbox 272 2922 404 2987; x_wconf 79' lang='lat' dir='ltr'><strong>reterre.</strong></span> <span class='ocrx_word' id='word_1_161' title='bbox 433 2921 537 2987; x_wconf 84' lang='lat' dir='ltr'><strong>Tradit</strong></span> <span class='ocrx_word' id='word_1_162' title='bbox 552 2921 632 2984; x_wconf 87' lang='lat' dir='ltr'><strong>eninr</strong></span> <span class='ocrx_word' id='word_1_163' title='bbox 647 2902 783 2986; x_wconf 85' lang='lat' dir='ltr'><strong>summus</strong></span> <span class='ocrx_word' id='word_1_164' title='bbox 798 2920 847 2984; x_wconf 89' lang='lat' dir='ltr'><strong>bic</strong></span> <span class='ocrx_word' id='word_1_165' title='bbox 861 2919 1058 3003; x_wconf 85' lang='lat' dir='ltr'><strong>philosophus</strong></span> <span class='ocrx_word' id='word_1_166' title='bbox 1075 2921 1130 2995; x_wconf 79' lang='lat' dir='ltr'><strong>[in</strong></span> <span class='ocrx_word' id='word_1_167' title='bbox 1146 2919 1225 2984; x_wconf 87' lang='lat' dir='ltr'><strong>libro</strong></span> 
     </span>
     <span class='ocr_line' id='line_1_24' title="bbox 185 3025 1226 3110; baseline -0.006 -18"><span class='ocrx_word' id='word_1_168' title='bbox 185 3028 227 3092; x_wconf 83' lang='lat' dir='ltr'><strong>de</strong></span> <span class='ocrx_word' id='word_1_169' title='bbox 241 3027 401 3110; x_wconf 75' lang='lat' dir='ltr'><strong>republica</strong></span> <span class='ocrx_word' id='word_1_170' title='bbox 414 3025 438 3089; x_wconf 88' lang='lat'><strong>1.</strong></span> <span class='ocrx_word' id='word_1_171' title='bbox 453 3045 480 3090; x_wconf 82' lang='lat' dir='ltr'><strong>c</strong></span> <span class='ocrx_word' id='word_1_172' title='bbox 495 3025 559 3102; x_wconf 75' lang='lat'><strong>28)</strong></span> <span class='ocrx_word' id='word_1_173' title='bbox 574 3026 653 3090; x_wconf 69' lang='lat' dir='ltr'><strong>»tria</strong></span> <span class='ocrx_word' id='word_1_174' title='bbox 667 3026 771 3106; x_wconf 85' lang='lat' dir='ltr'><strong>priora</strong></span> <span class='ocrx_word' id='word_1_175' title='bbox 792 3025 1087 3106; x_wconf 81' lang='lat' dir='ltr'><strong>rerumpublicarum</strong></span> <span class='ocrx_word' id='word_1_176' title='bbox 1107 3037 1226 3107; x_wconf 79' lang='lat' dir='ltr'><strong>genera</strong></span> 
     </span>
     <span class='ocr_line' id='line_1_25' title="bbox 184 3128 1226 3217; baseline 0.002 -23"><span class='ocrx_word' id='word_1_177' title='bbox 184 3133 307 3217; x_wconf 75' lang='lat' dir='ltr'><strong>singula</strong></span> <span class='ocrx_word' id='word_1_178' title='bbox 323 3131 447 3214; x_wconf 86' lang='lat' dir='ltr'><strong>propria</strong></span> <span class='ocrx_word' id='word_1_179' title='bbox 462 3131 578 3194; x_wconf 82' lang='lat' dir='ltr'><strong>babere</strong></span> <span class='ocrx_word' id='word_1_180' title='bbox 592 3132 666 3194; x_wconf 81' lang='lat' dir='ltr'><strong>vitia</strong></span> <span class='ocrx_word' id='word_1_181' title='bbox 675 3130 837 3201; x_wconf 12' lang='lat' dir='ltr'><strong>etynullurn</strong></span> <span class='ocrx_word' id='word_1_182' title='bbox 853 3148 960 3194; x_wconf 85' lang='lat' dir='ltr'><strong>eorum</strong></span> <span class='ocrx_word' id='word_1_183' title='bbox 975 3148 1056 3210; x_wconf 86' lang='lat' dir='ltr'><strong>esse,</strong></span> <span class='ocrx_word' id='word_1_184' title='bbox 1067 3128 1149 3212; x_wconf 73' lang='lat' dir='ltr'><strong>quod</strong></span> <span class='ocrx_word' id='word_1_185' title='bbox 1163 3147 1226 3196; x_wconf 79' lang='lat' dir='ltr'><strong>uem</strong></span> 
     </span>
     <span class='ocr_line' id='line_1_26' title="bbox 186 3234 1225 3318; baseline -0.006 -16"><span class='ocrx_word' id='word_1_186' title='bbox 186 3238 298 3302; x_wconf 81' lang='lat' dir='ltr'><strong>hebeat</strong></span> <span class='ocrx_word' id='word_1_187' title='bbox 312 3237 373 3299; x_wconf 86' lang='lat' dir='ltr'><strong>iter</strong></span> <span class='ocrx_word' id='word_1_188' title='bbox 388 3235 425 3298; x_wconf 89' lang='lat' dir='ltr'><strong>ad</strong></span> <span class='ocrx_word' id='word_1_189' title='bbox 441 3235 597 3300; x_wconf 82' lang='lat' dir='ltr'><strong>finitimum</strong></span> <span class='ocrx_word' id='word_1_190' title='bbox 612 3234 764 3315; x_wconf 77' lang='lat' dir='ltr'><strong>quoddam</strong></span> <span class='ocrx_word' id='word_1_191' title='bbox 780 3236 889 3301; x_wconf 78' lang='lat' dir='ltr'><strong>naulum</strong></span> <span class='ocrx_word' id='word_1_192' title='bbox 904 3252 1111 3318; x_wconf 85' lang='lat' dir='ltr'><strong>praeceps-ac</strong></span> <span class='ocrx_word' id='word_1_193' title='bbox 1121 3234 1225 3296; x_wconf 88' lang='lat' dir='ltr'><strong>lubri-</strong></span> 
     </span>
     <span class='ocr_line' id='line_1_27' title="bbox 185 3339 1224 3423; baseline -0.005 -18"><span class='ocrx_word' id='word_1_194' title='bbox 185 3359 263 3405; x_wconf 88' lang='lat' dir='ltr'><strong>cum.</strong></span> <span class='ocrx_word' id='word_1_195' title='bbox 292 3340 370 3404; x_wconf 80' lang='lat' dir='ltr'><strong>liam</strong></span> <span class='ocrx_word' id='word_1_196' title='bbox 385 3342 414 3404; x_wconf 90' lang='lat' dir='ltr'><strong>in</strong></span> <span class='ocrx_word' id='word_1_197' title='bbox 430 3341 520 3423; x_wconf 72' lang='lat' dir='ltr'><strong>regio</strong></span> <span class='ocrx_word' id='word_1_198' title='bbox 535 3347 567 3402; x_wconf 87' lang='lat' dir='ltr'><strong>et</strong></span> <span class='ocrx_word' id='word_1_199' title='bbox 581 3339 639 3404; x_wconf 90' lang='lat' dir='ltr'><strong>sub</strong></span> <span class='ocrx_word' id='word_1_200' title='bbox 654 3357 732 3422; x_wconf 77' lang='lat' dir='ltr'><strong>rege</strong></span> <span class='ocrx_word' id='word_1_201' title='bbox 748 3357 847 3420; x_wconf 88' lang='lat' dir='ltr'><strong>aequo</strong></span> <span class='ocrx_word' id='word_1_202' title='bbox 864 3347 894 3402; x_wconf 90' lang='lat' dir='ltr'><strong>et</strong></span> <span class='ocrx_word' id='word_1_203' title='bbox 909 3341 1044 3422; x_wconf 80' lang='lat' dir='ltr'><strong>sapiente</strong></span> <span class='ocrx_word' id='word_1_204' title='bbox 1060 3339 1147 3400; x_wconf 85' lang='lat' dir='ltr'><strong>nimis</strong></span> <span class='ocrx_word' id='word_1_205' title='bbox 1161 3355 1224 3401; x_wconf 80' lang='lat' dir='ltr'><strong>ex-</strong></span> 
     </span>
     <span class='ocr_line' id='line_1_28' title="bbox 183 3443 1224 3529; baseline -0.004 -19"><span class='ocrx_word' id='word_1_206' title='bbox 183 3453 289 3529; x_wconf 86' lang='lat' dir='ltr'><strong>pertes</strong></span> <span class='ocrx_word' id='word_1_207' title='bbox 312 3454 384 3510; x_wconf 86' lang='lat' dir='ltr'><strong>sunt</strong></span> <span class='ocrx_word' id='word_1_208' title='bbox 403 3446 501 3510; x_wconf 87' lang='lat' dir='ltr'><strong>ceteri</strong></span> <span class='ocrx_word' id='word_1_209' title='bbox 524 3443 673 3508; x_wconf 87' lang='lat' dir='ltr'><strong>communi</strong></span> <span class='ocrx_word' id='word_1_210' title='bbox 685 3445 768 3526; x_wconf 89' lang='lat' dir='ltr'><strong>juris</strong></span> <span class='ocrx_word' id='word_1_211' title='bbox 788 3451 820 3509; x_wconf 89' lang='lat' dir='ltr'><strong>et</strong></span> <span class='ocrx_word' id='word_1_212' title='bbox 836 3444 970 3523; x_wconf 88' lang='lat' dir='ltr'><strong>consilii,</strong></span> <span class='ocrx_word' id='word_1_213' title='bbox 993 3445 1024 3506; x_wconf 93' lang='lat' dir='ltr'><strong>in</strong></span> <span class='ocrx_word' id='word_1_214' title='bbox 1048 3445 1224 3524; x_wconf 88' lang='lat' dir='ltr'><strong>optimatum</strong></span> 
     </span>
     <span class='ocr_line' id='line_1_29' title="bbox 184 3546 1224 3632; baseline -0.006 -16"><span class='ocrx_word' id='word_1_215' title='bbox 184 3551 338 3616; x_wconf 72' lang='lat' dir='ltr'><strong>domnam</strong></span> <span class='ocrx_word' id='word_1_216' title='bbox 351 3551 405 3613; x_wconf 84' lang='lat' dir='ltr'><strong>uix</strong></span> <span class='ocrx_word' id='word_1_217' title='bbox 419 3549 574 3632; x_wconf 82' lang='lat' dir='ltr'><strong>particeps</strong></span> <span class='ocrx_word' id='word_1_218' title='bbox 589 3548 738 3614; x_wconf 87' lang='lat' dir='ltr'><strong>libertatis</strong></span> <span class='ocrx_word' id='word_1_219' title='bbox 746 3556 856 3630; x_wconf 87' lang='lat' dir='ltr'><strong>potest</strong></span> <span class='ocrx_word' id='word_1_220' title='bbox 870 3567 942 3614; x_wconf 89' lang='lat' dir='ltr'><strong>esse</strong></span> <span class='ocrx_word' id='word_1_221' title='bbox 958 3546 1136 3626; x_wconf 87' lang='lat' dir='ltr'><strong>multitudo,</strong></span> <span class='ocrx_word' id='word_1_222' title='bbox 1155 3565 1224 3610; x_wconf 88' lang='lat' dir='ltr'><strong>cum</strong></span> 
     </span>
     <span class='ocr_line' id='line_1_30' title="bbox 184 3651 1223 3734; baseline -0.006 -14"><span class='ocrx_word' id='word_1_223' title='bbox 184 3657 266 3720; x_wconf 83' lang='lat' dir='ltr'><strong>omui</strong></span> <span class='ocrx_word' id='word_1_224' title='bbox 289 3655 418 3719; x_wconf 87' lang='lat' dir='ltr'><strong>consilio</strong></span> <span class='ocrx_word' id='word_1_225' title='bbox 440 3655 591 3718; x_wconf 87' lang='lat' dir='ltr'><strong>communi</strong></span> <span class='ocrx_word' id='word_1_226' title='bbox 612 3661 644 3716; x_wconf 90' lang='lat' dir='ltr'><strong>et</strong></span> <span class='ocrx_word' id='word_1_227' title='bbox 662 3660 814 3734; x_wconf 83' lang='lat' dir='ltr'><strong>potestate</strong></span> <span class='ocrx_word' id='word_1_228' title='bbox 837 3658 954 3729; x_wconf 77' lang='lat' dir='ltr'><strong>carbat3</strong></span> <span class='ocrx_word' id='word_1_229' title='bbox 978 3659 1099 3714; x_wconf 87' lang='lat' dir='ltr'><strong>etcum</strong></span> <span class='ocrx_word' id='word_1_230' title='bbox 1123 3651 1223 3716; x_wconf 89' lang='lat' dir='ltr'><strong>omnia</strong></span> 
     </span>
     <span class='ocr_line' id='line_1_31' title="bbox 183 3755 1223 3842; baseline -0.005 -19"><span class='ocrx_word' id='word_1_231' title='bbox 183 3777 241 3841; x_wconf 84' lang='lat' dir='ltr'><strong>per</strong></span> <span class='ocrx_word' id='word_1_232' title='bbox 255 3759 397 3842; x_wconf 87' lang='lat' dir='ltr'><strong>populum</strong></span> <span class='ocrx_word' id='word_1_233' title='bbox 413 3768 573 3842; x_wconf 78' lang='lat' dir='ltr'><strong>geruntur,</strong></span> <span class='ocrx_word' id='word_1_234' title='bbox 583 3760 723 3838; x_wconf 81' lang='lat' dir='ltr'><strong>quemvis</strong></span> <span class='ocrx_word' id='word_1_235' title='bbox 731 3760 846 3840; x_wconf 86' lang='lat' dir='ltr'><strong>justum</strong></span> <span class='ocrx_word' id='word_1_236' title='bbox 856 3764 887 3820; x_wconf 88' lang='lat' dir='ltr'><strong>ct</strong></span> <span class='ocrx_word' id='word_1_237' title='bbox 903 3755 1105 3834; x_wconf 83' lang='lat' dir='ltr'><strong>moderatum,</strong></span> <span class='ocrx_word' id='word_1_238' title='bbox 1120 3761 1223 3818; x_wconf 70' lang='lat' dir='ltr'><strong>umen</strong></span> 
     </span>
     <span class='ocr_line' id='line_1_32' title="bbox 182 3857 1222 3946; baseline -0.006 -20"><span class='ocrx_word' id='word_1_239' title='bbox 182 3866 249 3946; x_wconf 87' lang='lat' dir='ltr'><strong>ipsa</strong></span> <span class='ocrx_word' id='word_1_240' title='bbox 264 3863 463 3944; x_wconf 84' lang='lat' dir='ltr'><strong>aequabilitas</strong></span> <span class='ocrx_word' id='word_1_241' title='bbox 480 3870 528 3925; x_wconf 89' lang='lat' dir='ltr'><strong>est</strong></span> <span class='ocrx_word' id='word_1_242' title='bbox 541 3863 656 3944; x_wconf 86' lang='lat' dir='ltr'><strong>iniqua,</strong></span> <span class='ocrx_word' id='word_1_243' title='bbox 682 3879 751 3924; x_wconf 90' lang='lat' dir='ltr'><strong>cum</strong></span> <span class='ocrx_word' id='word_1_244' title='bbox 770 3860 880 3924; x_wconf 86' lang='lat' dir='ltr'><strong>lrabeat</strong></span> <span class='ocrx_word' id='word_1_245' title='bbox 903 3861 1003 3923; x_wconf 88' lang='lat' dir='ltr'><strong>nullos</strong></span> <span class='ocrx_word' id='word_1_246' title='bbox 1018 3859 1133 3943; x_wconf 74' lang='lat' dir='ltr'><strong>gradum</strong></span> <span class='ocrx_word' id='word_1_247' title='bbox 1150 3857 1222 3942; x_wconf 80' lang='lat' dir='ltr'><strong>dig-</strong></span> 
     </span>
     <span class='ocr_line' id='line_1_33' title="bbox 182 3950 1222 4047; baseline -0.002 -17"><span class='ocrx_word' id='word_1_248' title='bbox 182 3968 282 4033; x_wconf 89' lang='lat' dir='ltr'><strong>nitatis</strong></span> <span class='ocrx_word' id='word_1_249' title='bbox 298 3967 387 4044; x_wconf 86' lang='lat' dir='ltr'><strong>(ibid.</strong></span> <span class='ocrx_word' id='word_1_250' title='bbox 402 3986 429 4029; x_wconf 91' lang='lat' dir='ltr'><strong>c.</strong></span> <span class='ocrx_word' id='word_1_251' title='bbox 445 3965 515 4043; x_wconf 74' lang='lat'>27.)</span> <span class='ocrx_word' id='word_1_252' title='bbox 543 3966 673 4030; x_wconf 85' lang='lat' dir='ltr'><strong>Deinde:</strong></span> <span class='ocrx_word' id='word_1_253' title='bbox 690 3967 762 4029; x_wconf 90' lang='lat' dir='ltr'><strong>licet</strong></span> <span class='ocrx_word' id='word_1_254' title='bbox 779 3967 906 4030; x_wconf 89' lang='lat' dir='ltr'><strong>caritate</strong></span> <span class='ocrx_word' id='word_1_255' title='bbox 922 3983 979 4029; x_wconf 89' lang='lat' dir='ltr'><strong>nos</strong></span> <span class='ocrx_word' id='word_1_256' title='bbox 995 3950 1114 4046; x_wconf 86' lang='lat' dir='ltr'><strong>capiant</strong></span> <span class='ocrx_word' id='word_1_257' title='bbox 1127 3981 1222 4047; x_wconf 82' lang='lat' dir='ltr'><strong>reges</strong></span> 
     </span>
    </p>
   </div>
   <div class='ocr_carea' id='block_1_3' title="bbox 182 4067 1222 4261">
    <p class='ocr_par' dir='ltr' id='par_1_5' title="bbox 182 4067 1222 4261">
     <span class='ocr_line' id='line_1_34' title="bbox 182 4067 1222 4154; baseline -0.007 -16"><span class='ocrx_word' id='word_1_258' title='bbox 182 4072 310 4138; x_wconf 87' lang='lat' dir='ltr'><strong>consilio</strong></span> <span class='ocrx_word' id='word_1_259' title='bbox 325 4072 503 4154; x_wconf 85' lang='lat' dir='ltr'><strong>optimates,</strong></span> <span class='ocrx_word' id='word_1_260' title='bbox 525 4072 668 4134; x_wconf 85' lang='lat' dir='ltr'><strong>libertate</strong></span> <span class='ocrx_word' id='word_1_261' title='bbox 682 4071 785 4152; x_wconf 88' lang='lat' dir='ltr'><strong>populi</strong></span> <span class='ocrx_word' id='word_1_262' title='bbox 801 4071 857 4146; x_wconf 91' lang='lat' dir='ltr'><strong>(ib.</strong></span> <span class='ocrx_word' id='word_1_263' title='bbox 874 4089 899 4134; x_wconf 91' lang='lat' dir='ltr'><strong>c.</strong></span> <span class='ocrx_word' id='word_1_264' title='bbox 916 4067 987 4150; x_wconf 88' lang='grc'>36),</span> <span class='ocrx_word' id='word_1_265' title='bbox 1012 4077 1113 4133; x_wconf 87' lang='lat' dir='ltr'><strong>tamen</strong></span> <span class='ocrx_word' id='word_1_266' title='bbox 1132 4069 1222 4136; x_wconf 80' lang='lat' dir='ltr'><strong>facile</strong></span> 
     </span>
     <span class='ocr_line' id='line_1_35' title="bbox 182 4174 1222 4261; baseline -0.003 -21"><span class='ocrx_word' id='word_1_267' title='bbox 182 4177 303 4257; x_wconf 81' lang='lat' dir='ltr'><strong>evenit,</strong></span> <span class='ocrx_word' id='word_1_268' title='bbox 327 4183 362 4240; x_wconf 88' lang='lat' dir='ltr'><strong>ut</strong></span> <span class='ocrx_word' id='word_1_269' title='bbox 384 4179 454 4261; x_wconf 77' lang='lat' dir='ltr'><strong>regi</strong></span> <span class='ocrx_word' id='word_1_270' title='bbox 480 4176 628 4244; x_wconf 87' lang='lat' dir='ltr'><strong>succedat</strong></span> <span class='ocrx_word' id='word_1_271' title='bbox 647 4185 809 4258; x_wconf 76' lang='lat' dir='ltr'><strong>tyrannum,</strong></span> <span class='ocrx_word' id='word_1_272' title='bbox 835 4175 1026 4258; x_wconf 83' lang='lat' dir='ltr'><strong>optimatibus</strong></span> <span class='ocrx_word' id='word_1_273' title='bbox 1047 4174 1138 4250; x_wconf 82' lang='lat' dir='ltr'><strong>factio</strong></span> <span class='ocrx_word' id='word_1_274' title='bbox 1163 4174 1222 4252; x_wconf 87' lang='lat' dir='ltr'><strong>(ib.</strong></span> 
     </span>
    </p>
   </div>
   <div class='ocr_carea' id='block_1_4' title="bbox 0 0 1560 5292">
    <p class='ocr_par' dir='ltr' id='par_1_6' title="bbox 0 0 1560 5292">
     <span class='ocr_line' id='line_1_36' title="bbox 0 0 1560 5292; baseline 0 3"><span class='ocrx_word' id='word_1_275' title='bbox 0 0 1560 5292; x_wconf 95' lang='lat' dir='ltr'><strong> </strong></span> 
     </span>
    </p>
   </div>
  </div>
 </body>
</html>
